2784 4567
378 149 513 222 2⁵4
1006 147 1099 210 De
1136 147 1384 212 salecto
1419 147 1754 208 Herodoto
1779 143 1894 226 ΕΒ.
1932 145 2036 206 111.

384 321 513 382 VH.
555 321 660 379 103
701 337 825 378 cnm
862 313 1119 389 cod.'P.,
1160 321 1223 376 ut
1263 315 1335 374 11.
1374 317 1448 374 28
1486 331 1688 373 omnes
1721 305 2006 392 χιλιάδων
2049 317 2204 370 recte
2255 309 2694 370 exbibuerunt.

374 436 465 452 —-
502 402 693 480 Atque
734 402 807 465 ΙΙ.
848 406 950 461 181
991 401 1122 458 And.
1166 399 1357 460 Bekk.
1392 398 1469 456 al.
1513 400 1824 479 γυναικῶν
1865 395 2110 458 πασέων
2153 402 2316 454 recte
2365 396 2698 472 exhibent,

376 505 555 568 quum
596 484 784 547 Gaisf.
827 486 901 545 al.
942 503 1070 544 cum
1113 485 1177 544 S.
1222 484 1485 541 vitiosum
1529 479 1870 564 γυναικέων
1904 481 2268 557 receperint3
2318 498 2532 555 quare
2579 500 2696 539 nou

376 572 625 634 debebat
660 569 1007 632 schaeferus
1038 568 1164 628 sola
1206 587 1239 628 e
1286 567 1616 642 conjectura
1655 565 1702 626 1.
1735 569 1774 624 4
1807 561 2144 646 γυναικέων
2183 564 2420 621 inferre
2461 566 2531 622 in
2571 565 2694 622 vnl-

376 662 517 734 gata
556 654 736 716 verba
776 648 1248 735 ἆρωζομενέων
1288 653 1598 732 γυναικῶν
1651 649 1768 727 (sic
1823 649 1963 709 edd.
2021 655 2084 708 et
2125 647 2306 706 codd.
2349 649 2452 706 M.
2469 675 2483 683 ·
2507 649 2586 708 V.
2628 651 2694 709 S.

376 740 449 802 F.
488 739 562 798 A.
602 739 673 798 B.
716 738 797 816 a.)
851 739 1013 815 quod
1056 739 1359 818 γυναικῶν
1401 735 1530 794 aliis
1573 731 1840 792 omnibus
1881 733 1940 790 in
1973 731 2117 791 loeis
2162 733 2296 789 sine
2341 733 2692 810 scripturae

380 823 767 901 discrepantia
806 831 963 882 recte
1002 823 1273 900 scriptum
1314 825 1532 880 exstat:
1585 815 1638 880 Ι.
1685 823 1738 877 1.
1791 821 1847 877 8.
1889 822 1984 876 35.
2025 819 2150 876 199.
2205 814 2288 873 ΙΙ.
2339 821 2404 876 3.
2453 821 2558 880 36.
2603 823 2691 876 54.

378 915 473 971 6⁰·
512 912 607 971 64.
648 906 749 967 ΠΙ.
786 911 843 967 3.
882 911 975 966 68.
1022 909 1127 966 159
1168 905 1278 963 bis.
1340 903 1444 962 IV.
1484 907 1542 963 8.
1583 907 1675 977 45.
1717 907 1845 965 114.
1887 905 2012 960 180.
2073 900 2146 958 V.
2192 907 2250 958 5.
2301 904 2404 963 18.
2451 905 2556 961 87.
2601 905 2690 960 88.

378 993 481 1054 VI.
518 995 610 1056 61.
667 989 793 1056 Vll.
836 994 938 1050 187
981 997 1041 1050 et
1076 989 1231 1052 alibi.
1447 1019 1455 1026 .

547 1075 719 1136 Hanc
744 1075 1023 1136 medelam
1049 1075 1137 1133 his
1164 1073 1340 1147 vitiis,
1381 1073 1633 1130 fortasse
1671 1077 1732 1128 et
1771 1069 1990 1129 aurium
2029 1067 2476 1146 oculorumque
2520 1069 2686 1148 culpa

381 1161 737 1234 commissis,
779 1159 1127 1230 adhibitam,
1180 1176 1299 1216 non
1340 1156 1379 1214 ii
1425 1157 1646 1228 solum,
1711 1159 1852 1234 puto
1871 1193 1892 1228 ,
1945 1153 2126 1212 critici
2174 1153 2686 1232 comprobabunt,

380 1244 483 1321 qui
524 1261 596 1301 ex
635 1241 883 1302 Doricae
926 1243 1153 1301 dialecti
1188 1241 1574 1315 monumentis
1609 1238 1850 1298 similem
1894 1236 2327 1296 aberrationem
2376 1239 2448 1296 in
2493 1239 2686 1298 terni-

380 1325 671 1386 nationem
722 1329 801 1387 ἄν
838 1326 1127 1384 nominum
1176 1326 1380 1384 tertiae
1426 1323 1818 1388 declinationis
1861 1327 2133 1381 notarunt
2175 1321 2682 1400 expuleruntque,

382 1415 448 1470 nt
480 1407 885 1470 Theocriteum
926 1410 1106 1492 αἰγᾶν
1146 1429 1255 1488 pro
1285 1410 1480 1491 αἰγῶν
1507 1409 1592 1488 ⁴V.
1635 1412 1756 1467 148.
1801 1405 1956 1472 vul.
1981 1409 2054 1464 49
2092 1402 2382 1483 (Kiessl.)
2433 1416 2502 1466 et
2539 1430 2684 1487 κρα-

380 1496 609 1560 νιαδᾶν
647 1493 698 1556 Ι.
742 1499 815 1555 22
854 1513 959 1571 pro
1006 1486 1388 1575 κρανιᾶδωνς
1433 1493 1795 1553 Pindaricum
1841 1493 2052 1568 θηρᾶν
2095 1487 2231 1546 Isth.
2283 1489 2400 1553 111.
2449 1497 2556 1567 64,
2593 1492 2680 1550 cui

382 1579 481 1640 alii
520 1581 763 1657 θηραῖν,
800 1578 895 1636 alii
930 1578 1142 1663 θηρᾷν
1186 1577 1626 1650 substituerunt,
1666 1574 1996 1633 Boeckhius
2027 1577 2222 1656 θηρᾷ.
2281 1574 2680 1652 Euripideum

382 1665 594 1743 θηρᾶν
636 1663 845 1724 Helen.
888 1667 1031 1739 385,
1083 1682 1189 1740 pro
1241 1666 1462 1740 θηρῶν
1515 1661 1618 1738 (cf.
1657 1659 1848 1718 Μαίη.
1905 1678 1967 1736 p.
2025 1661 2126 1717 179
2169 1653 2256 1732 b.)
2321 1661 2449 1718 sed
2513 1663 2679 1718 etiam

386 1767 557 1806 unum
598 1749 846 1806 omnium
889 1753 1143 1806 veterum
1188 1746 1682 1822 grammaticorum
1727 1743 1898 1819 longe
1925 1742 2530 1821 praestantissimum,
2565 1745 2682 1804 He-

383 1832 725 1906 rodianum,
748 1846 967 1890 mecum
1010 1832 1468 1894 consentientem
1522 1828 1744 1902 habeo,
1801 1828 1902 1904 qui
1955 1826 2365 1885 Zenodoteum
2437 1820 2682 1908 α’ρνέωυ
2783 1852 2784 1859 ¹

383 1934 493 1994 pro
536 1905 742 1996 ἀρνῶν
780 1913 850 1979 11.
884 1919 943 1991 3,
986 1917 1093 1975 273
1132 1914 1461 1992 improbans
1475 1956 1504 1986 ‚.
1554 1913 1699 1972 hanc
1739 1911 2024 1970 diaeresin
2071 1909 2412 1970 nominibus
2459 1915 2680 1990 primae

382 2004 604 2058 tautum
646 1997 1041 2059 declinationis
1084 1999 1397 2072 concessit,
1439 2004 1502 2056 et
1543 1998 1716 2056 talem
1731 2036 1752 2070 ‚
1785 1994 1968 2072 qualis
2010 2001 2098 2053 est
2139 1991 2440 2073 γεμέωσι,
2493 1999 2683 2076 poeti-

386 2101 515 2142 cum
556 2082 865 2159 appellavit
904 2081 1297 2160 pleonasmum
1341 2082 1443 2160 (cf.
1489 2079 1738 2158 Etymol.
1769 2080 1926 2156 Mag.
1969 2083 2100 2152 224,
2140 2085 2231 2136 50.
2293 2077 2464 2137 Lob.
2515 2080 2554 2144 1.
2598 2081 2680 2157 1.).
2782 2078 2784 2151 1

386 2163 627 2234 Qualem
669 2165 745 2222 ad
786 2165 1175 2241 pleonasmum
1218 2173 1278 2224 et
1318 2167 1506 2224 forma
1547 2163 1874 2245 γεροπέων
1913 2183 2020 2242 pro
2053 2155 2366 2244 γερόντων
2392 2167 2682 2242 pertinet,

386 2248 512 2351 aliis
532 2286 555 2324 ‚
598 2265 719 2308 uon
750 2247 1057 2311 Herodoto
1098 2251 1335 2330 propria
1376 2250 1455 2309 cf.
1498 2247 1747 2326 Etymol.
1787 2248 1947 2344 Mag.
1997 2267 2060 2326 p.
2093 2249 2199 2306 '227
2215 2285 2236 2321 ,
2277 2251 2320 2306 4
2373 2268 2429 2306 s.
2480 2269 2540 2316 v.
2583 2271 2680 2332 yr-

385 2354 685 2486 (lwnggc
741 2415 927 2476 minus
982 2417 1173 2496 poetis
1222 2415 1574 2492 aliarumque
1627 2414 1996 2477 dialectornm
2049 2413 2440 2492 scriptoribus
2503 2417 2678 2476 relin-

386 2501 645 2581 quendas
704 2519 834 2562 esse
888 2501 1153 2562 existimo
1212 2501 1389 2560 dativi
1448 2499 1684 2577 pluralis
1737 2500 1954 2558 formas
2010 2500 2070 2557 in
2123 2496 2217 2565 ε-σι
2270 2517 2388 2575 pro
2449 2503 2520 2563 ῖι
2577 2501 2676 2578 (cf.

386 2585 591 2648 matth.
635 2605 725 2663 gr.
770 2603 861 2662 gr.
902 2585 970 2662 1,
1024 2605 1084 2664 p.
1127 2592 1249 2649 212.
1311 2584 1523 2644 Buttm.
1565 2582 1628 2659 1,
1671 2603 1734 2661 p.
1774 2581 1904 2661 178)
1951 2601 2098 2661 quae
2145 2581 2390 2661 quidem
2435 2585 2540 2644 hic
2571 2585 2678 2643 illic

387 2671 561 2730 etiam
596 2671 655 2728 in
697 2670 1086 2736 Herodoteam
1134 2672 1448 2730 orationem
1467 2669 1860 2744 irrepserunt,
1899 2669 2007 2726 sed
2039 2673 2200 2728 tanta
2239 2671 2677 2728 contrariorum
2782 2668 2784 2709 4

386 2753 773 2828 exemplorum
814 2754 1190 2812 multitudine‘
1216 2755 1560 2826 obruuntur,‘
1591 2757 1655 2808 ut
1683 2752 1818 2834 nibil
1834 2751 1974 2828 jam,
2016 2754 2154 2829 quin
2181 2752 2382 2810 statim
2412 2755 2484 2812 in
2510 2755 2677 2812 aliam

388 2834 783 2896 Herodoteam
823 2834 1065 2894 formam
1106 2842 1418 2910 mutentur,
1455 2838 1530 2895 ad
1558 2837 1938 2915 resistendum
1973 2837 2215 2900 valeant.
2303 2836 2478 2905 Quid
2523 2839 2675 2898 enirn

388 2917 751 2980 Herodotum
792 2918 1087 2994 impulisse
1130 2920 1317 2990 dicas,
1364 2927 1428 2978 ut
1469 2923 1531 2980 in
1571 2920 1658 2979 his
1700 2920 1884 2978 tribus
1927 2921 2138 2979 dativis
2155 2922 2504 3002 *flectendis
2548 2924 2674 2984 δαι-

386 2995 673 3079 τυμόνεσι
716 3001 814 3068 VI.
858 3005 948 3063 57.
990 2997 1268 3067 nazareo.
1304 3004 1427 3062 VII.
1471 3009 1599 3067 224.
1640 2997 1858 3083 μήκει
1897 3003 1994 3062 IV.
2035 3003 2424 3067 43.'V111..51
2477 3007 2670 3066 subito

388 3101 551 3144 stiam
598 3085 1071 3146 consuetudinem
1123 3087 1452 3162 omitteret,
1517 3094 1852 3148 constanter
1907 3087 2050 3156 alias
2096 3095 2388 3148 servatam
2405 3087 2444 3145 ἵ
2547 3089 2672 3151 Nec
2741 3143 2760 3160 ,

387 3187 524 3228 vero
591 3170 761 3258 etiaug
818 3171 1185 3230 consentiunt
1251 3167 1460 3230 omnes·
1507 3172 1635 3231 libri
1697 3173 1810 3232 ista
1865 3174 1922 3230 in
1977 3174 2261 3252 scriptura
2314 3171 2672 3250 exhibenda,

390 3273 732 3334 quamquam
774 3253 869 3313 VI.
914 3260 981 3316 57
1019 3255 1097 3316 ad
1139 3255 1313 3316 verba
1347 3261 1506 3319 τοῖσι
1535 3251 1772 3319 ἄλλοισι
1811 3251 2198 3336 δαιτυμόνεσι
2231 3256 2376 3314 nihil
2407 3259 2673 3316 ‹varieta-

388 3341 465 3400 tis
510 3347 801 3400 enotatum
850 3347 960 3405 est.
1044 3341 1165 3402 Sed
1208 3341 1307 3401 lv,
1350 3345 1424 3400 43
1463 3339 1531 3403 ἐν
1571 3346 1848 3404 πολλοῖσι
1892 3343 2041 3420 μησί
2079 3340 2365 3419 praebent
2404 3340 2672 3418 plerique

390 3425 562 3482 codd.
603 3430 663 3484 et
706 3425 841 3488 edd.
880 3431 1044 3500 vett„
1088 3426 1176 3484 cui
1218 3426 1570 3486 recentiores
1613 3445 1742 3484 cum
1781 3425 1910 3484 cod.
1937 3427 2003 3488 S.
2033 3424 2180 3484 male
2215 3420 2492 3504 μήνεσιν
2533 3426 2673 3486 sub-

389 3507 733 3572 stitueruntz
790 3513 851 3566 et
892 3507 1041 3568 vm.
1089 3516 1155 3569 51
1204 3510 1351 3588 μησί
1394 3509 1535 3568 edd.
1571 3515 1710 3570 vett.
1757 3529 1883 3570 cum
1927 3509 2182 3588 plin-imis
2225 3509 2400 3570 codd.
2445 3507 2675 3588 μήνεσι

388 3591 453 3649 S.
497 3589 565 3647 V.
621 3593 683 3648 et
735 3593 1083 3652 recentiores
1138 3591 1288 3654 falso
1324 3591 1504 3672 (vide
1555 3593 1705 3652 enim
1746 3592 2034 3671 Interppr.
2077 3594 2155 3652 ad
2194 3593 2381 3669 Greg.
2424 3593 2578 3654 Cor.
2613 3596 2669 3656 d.

390 3671 451 3734 d.
490 3672 635 3732 Dor.
674 3689 737 3750 p.
778 3677 885 3733 333
924 3675 1103 3753 sqq).
1185 3677 1309 3739 vn.
1356 3682 1466 3736 224
1501 3675 1708 3740 πλέοσι
1749 3678 1880 3739 Ald.
1927 3677 2000 3736 al.
2045 3681 2220 3751 recte,
2256 3676 2359 3735 alii
2399 3676 2667 3754 azioma,

378 3757 739 3820 recentiores
777 3777 903 3818 cum
947 3760 1012 3816 S.
1055 3760 1125 3818 V.
1161 3759 1309 3820 male
1351 3756 1687 3824 πλεόνεσιν.
1764 3763 1886 3820 Sed
1928 3761 2002 3828 ΙΙ.
2043 3766 2114 3820 53
2155 3777 2354 3820 omnes
2390 3761 2526 3820 sine
2567 3775 2668 3820 va-

388 3845 594 3907 rietate
636 3838 846 3906 πλέοσι
890 3850 950 3904 et
990 3843 1144 3905 Vm.
1183 3849 1273 3904 69.
1314 3843 1415 3904 IX.
1459 3852 1561 3904 122
1617 3843 1740 3922 (alii
1786 3846 1960 3904 codd.
2001 3844 2281 3922 πλείοσι).
2367 3843 2582 3922 μέζοσι
2617 3847 2666 3908 Ι.

388 3934 513 3992 194.
586 3923 899 4006 εὐδαίμοσι
941 3928 1017 3986 11.
1061 3931 1147 3987 78.
1192 3959 1278 3971 --
1317 3929 1460 3988 Nec
1489 3931 1696 3988 rectius
1741 3935 1832 3988 est
1873 3930 2162 4010 vulgatum
2196 3926 2409 4008 πατέρι
2451 3929 2561 3988 ΠΙ.
2599 3936 2668 3990 34

389 4031 497 4088 pro
540 4011 767 4094 πατρί,
808 4015 1014 4070 nostro
1052 4012 1441 4081 restituend03
1493 4027 1664 4088 quum
1719 4013 1912 4089 poetis
1964 4019 2184 4072 tantum
2228 4012 2337 4071 illis
2377 4014 2436 4071 in
2479 4015 2664 4074 nomi·

388 4096 591 4171 nibus,
646 4113 940 4174 syncopen
994 4094 1164 4155 istam
1219 4093 1306 4152 vel
1366 4113 1435 4152 ex
1493 4099 1657 4171 parte
1713 4101 1932 4155 tantum
1973 4097 2063 4154 vel
2106 4093 2214 4174 per
2253 4099 2440 4156 totum
2486 4097 2664 4178 vulgo

388 4177 815 4254 recipientibus,
854 4185 919 4243 ut
955 4178 1105 4240 hanc
1146 4177 1478 4236 omitterent
1521 4182 1619 4236 aut
1659 4177 1785 4244 aliis
1825 4179 2002 4239 etiam
2049 4179 2276 4239 casibus
2319 4179 2666 4242 adhiberent
