2784 4567
723 139 815 202 De
854 140 1105 215 dialecto
1140 139 1484 202 Herodotea
1519 141 1620 204 lib.
1659 141 1762 208 ΙΙΙ.
2257 138 2390 220 200

48 302 245 390 χαί-τι
304 305 647 377 declinavit3
708 314 772 366 ut
810 300 1069 388 ἔνόρχις,
1112 305 1402 388 ἐνορχίων
1437 309 1799 370 Herodotum
1835 309 2050 372 dixisse
2087 308 2262 368 modo
2297 309 2388 370 vi-

56 395 333 466 dimus,
372 411 541 468 quum
568 390 740 452 Hom.
780 391 878 467 (11.
902 398 993 466 23,
1040 393 1172 470 147)
1218 391 1432 471 ἔνορχα
1473 396 1634 473 μῆλα
1667 394 2024 471 praetulerit.
2043 425 2116 438 —
2142 391 2327 454 Porro
2347 411 2386 452 a

54 495 243 536 voce
312 474 531 553 θέμις,
590 474 809 554 θέμιος
863 477 1100 536 deduxit
1138 477 1474 536 Herodotus
1525 479 1870 552 adjectivum
1908 470 2162 554 θεμιτός
2198 475 2274 542 V.
2316 481 2387 538 72

56 563 218 619 sine
272 560 481 620 variet.
529 560 802 638 scriptum
864 558 966 632 (cf.
1002 560 1168 618 Eust.
1210 561 1287 618 ad
1328 561 1500 625 Hom.
1544 561 1660 624 Od.
1702 562 1728 624 ί
1772 583 1832 640 p.
1871 566 2009 622 1618
2035 588 2124 616 =
2149 561 2282 639 340)
2329 568 2388 622 et

58 638 383 722 α’θέμιτα
423 641 579 702 Vlll.
622 649 729 704 143
768 644 855 701 sic
882 645 1069 704 Bekk.
1112 651 1266 702 recte
1306 664 1432 704 cum
1477 648 1606 708 cod.
1653 646 1714 708 b.
1757 647 1944 706 Gaias.
1983 637 2132 704 male
2169 664 2298 704 cum
2322 646 2388 703 S.

63 721 435 807 ἀθέμιστα.
474 726 603 788 Vn.
641 733 713 786 33
754 719 1013 803 α’θέμιτα
1056 727 1203 808 ἔργα
1243 728 1459 804 vulgat.
1503 749 1632 788 cum
1673 732 1736 795 S,
1771 729 1842 788 V.
1861 729 1936 790 A.
1960 729 2027 788 B.
2067 725 2386 804 (cf.Valck.

60 815 179 876 ad.
230 812 305 870 h.
348 809 487 888 loc.)
524 810 639 869 Alii
672 830 797 870 cum
839 812 919 870 M.
951 811 1017 868 P.
1063 812 1130 874 F.
1170 811 1224 870 b.
1271 813 1329 876 d.
1374 807 1673 892 ἀθέμιστα
1713 813 1970 894 ἔρδεσκε.
2017 811 2190 882 Quod
2233 803 2390 874 a’ok·

66 913 287 977 μἰστα
340 893 703 954 referendum
740 900 837 952 est
870 897 945 954 ad
986 895 1353 956 Homericum
1390 896 1604 976 θέμις,
1657 899 1976 977 θέμιστος,
2037 888 2390 975 ἀθέμιστος,

64 986 321 1060 postea
364 978 536 1036 etiam
578 978 636 1035 in
674 978 927 1036 Atticum
973 979 1381 1057 vulgaremque
1446 1000 1768 1044 ser-onem
1813 988 2222 1082 propagatum,
2277 979 2388 1040 sed

64 1063 455 1126 Herodotea
494 1061 621 1148 sola
657 1069 791 1121 sunt
837 1069 898 1121 ut
937 1061 1137 1142 θέμις,
1180 1063 1426 1143 θέμιος,
1465 1067 1552 1124 sic
1592 1062 1842 1143 θεμιτός
1885 1073 1944 1124 et
1979 1063 2274 1142 αθέμιτος
2301 1059 2386 1145 *).

66 1147 422 1206 Praeterea
465 1164 502 1203 a
547 1164 693 1204 voce
730 1142 935 1226 χάρις,
990 1141 1232 1228 χάριτος
1274 1148 1590 1220 derivatum
1639 1157 1730 1210 est
1771 1151 2112 1227 adjectivum
2147 1144 2384 1227 ἄχαρις,

67 1229 283 1312 ἄχαρι
306 1273 327 1305 ,
374 1228 567 1288 Genit.
608 1223 909 1312 α’χάριτος.
994 1232 1074 1290 Et
1132 1227 1316 1311 ἄχαρι
1359 1235 1590 1310 quidem
1629 1235 1890 1292 neutrius
1931 1233 2160 1310 generis
2201 1233 2384 1302 habes

65 1316 127 1376 1.
176 1321 285 1376 aa.
330 1318 459 1376 108.
500 1313 580 1376 ΙΙ.
630 1319 751 1376 141.
795 1314 895 1373 vl.
943 1321 997 1376 9.
1057 1313 1189 1380 VH.
1228 1323 1318 1378 ⁵2.
1361 1315 1514 1378 Vm.
1561 1323 1654 1377 13.
1693 1323 1814 1378 143.
1857 1316 1962 1396 (cf.
1997 1317 2166 1376 Snid.
2205 1337 2254 1380 s.
2296 1313 2386 1394 v.)

68 1408 143 1460 et
186 1395 431 1479 ἄχαρις
470 1391 761 1480 συμφορή
790 1398 917 1458 vn.
940 1404 1063 1460 190.
1107 1394 1318 1482 ἄχαρις
1358 1395 1505 1480 τιμή
1549 1399 1675 1462 Vn.
1695 1407 1812 1475 36„
1853 1409 1914 1462 et
1953 1401 2131 1460 dativ.
2167 1398 2381 1488 singul.

72 1477 349 1564 οἷχοὶριτι
390 1482 433 1540 l.
475 1486 545 1540 41
588 1487 878 1565 συμφορῇ
915 1479 1188 1564 α’χάριτι,
1250 1487 1409 1562 quod
1455 1485 1690 1562 quidem
1728 1486 1823 1544 alii
1865 1487 1922 1543 in
1963 1477 2182 1564 οἷχᾶρι,
2233 1491 2382 1542 tam·

72 1588 267 1644 quam
318 1584 394 1624 ex
436 1555 643 1644 ἆχάριι
682 1573 1059 1644 contractum,
1100 1587 1402 1645 perperam
1441 1574 1732 1628 mutarunt
1764 1569 2081 1652 (συμφορῇΙ
2124 1559 2382 1646 ἆχᾶριτι,

72 1650 201 1794 {iv
210 1671 530 1814 110‘5‘14:
560 1654 627 1792 ἐ·
957 1673 1051 1791 ‘3²
1071 1651 1255 1814 §3³:35
1279 1645 1426 1792 ²22⁵:ss
1463 1653 1539 1792 ᾖ·
1580 1651 1802 1792 22..ss
1846 1645 2382 1812 2¹·>“'1²3.³.{;:¹·2:.:’;

70 1819 335 1878 Herod.
370 1755 615 1896 ἔχαρις,
676 1811 929 1896 οἷχᾶριος
979 1819 1153 1896 dixit,
1221 1825 1283 1876 ut
1322 1813 1570 1888 ἄπολις,
1631 1810 1882 1892 duliam
1901 1842 1928 1890 ‚·
1996 1819 2104 1876 sed
2147 1812 2381 1896 ἄχαρις,

78 1894 421 1982 ἇχᾶριτος,
491 1920 609 1977 quo
668 1908 727 1960 et
762 1901 999 1979 pluralis
1040 1922 1171 1980 gen.
1224 1908 1406 1965 neutr.
1467 1894 1721 1980 ἆχοὶριτα
1758 1900 1806 1961 Ι.
1845 1906 1952 1963 207
1999 1906 2090 1962 est
2121 1901 2380 1962 referen-

76 1990 197 2046 dus
218 1987 333 2062 **)
378 1984 480 2061 (cs.
503 1985 791 2064 luterppr.
832 1988 909 2046 ad
947 1986 1007 2048 h.
1048 1984 1197 2062 loc.)
1234 1987 1763 2064 comparandusque
1802 2006 1927 2046 cum
1971 1985 2137 2044 simili
2173 1983 2378 2064 plurali

82 2062 383 2150 ἐπήλυδα
422 2068 573 2128 Vm.
620 2074 727 2145 73.,
786 2077 848 2128 et
894 2070 1271 2149 superlativus
1311 2062 1756 2150 ἀχαριτώτατον
1795 2070 1922 2130 Vll.
1965 2075 2102 2145 156,
2157 2089 2226 2128 ex
2266 2087 2376 2144 ge-

77 2157 269 2214 nitivo
330 2147 616 2232 οἶχάριτος
666 2155 943 2214 deductus
979 2149 1141 2232 ***);
1214 2154 1376 2230 cujus
1431 2154 1696 2216 insolitae
1747 2155 1831 2212 rei
1896 2153 2054 2216 aliud
2088 2155 2258 2214 etiam
2301 2170 2376 2212 ex

76 2237 475 2318 Hippocratis
518 2240 747 2316 scriptis
802 2239 1041 2297 affertur
1092 2239 1410 2317 exemplum
1451 2231 1862 2321 μελανῶτερος
1904 2238 2013 2316 (Τ.
2053 2237 2105 2312 1,
2164 2258 2227 2314 p.
2269 2241 2375 2298 715

86 2323 184 2381 ed.
228 2321 465 2399 Kiihn.)
505 2321 660 2380 aliud
700 2342 771 2381 ex
802 2321 1201 2399 Xenophontis
1240 2316 1738 2402 ἐπιχαριτώτερον
1781 2322 2026 2398 (Cyrop.
2057 2321 2216 2380 VIII.
2238 2328 2294 2392 2,
2315 2326 2370 2382 2.

77 2407 372 2484 Sympos.
415 2405 536 2463 VII.
578 2406 661 2483 5.)
704 2412 763 2464 et
802 2400 1301 2484 δπιχαριτῶτατον
1344 2405 1590 2482 (Oecon.
1630 2404 1754 2462 Vll.
1797 2408 1892 2464 37.
1935 2405 2006 2461 cf.
2035 2405 2198 2462 Suid.
2242 2402 2374 2467 tac-

80 2512 249 2570 χαρι,
288 2487 589 2566 ἐπίχαρις,
627 2482 1133 2567 ἐπιχαριτώτερος.
1202 2487 1496 2565 Aristoph.
1537 2485 1784 2550 Acharn.
1824 2491 1929 2546 867
1971 2485 2374 2563 ἐπιχαρίτως.)

81 2576 263 2650 cujus
310 2570 633 2630 absolutum
686 2580 779 2630 est
831 2570 1101 2650 ἐπίχαρις
1162 2569 1408 2648 (Cyrop.
1445 2570 1496 2629 1.
1535 2575 1592 2628 4.
1635 2567 1726 2646 4.)
1793 2587 1978 2645 neque
2029 2563 2374 2647 ἐπιχᾶριτος

80 2674 289 2734 neque
314 2649 595 2733 ἆχᾶριτος
614 2656 885 2732 fingenda
916 2661 1089 2725 sunt3
1132 2672 1260 2712 nam
1296 2654 1456 2730 quod
1493 2653 1551 2710 in
1571 2653 1722 2712 Plut.
1763 2652 1963 2710 Solon.
2007 2672 2060 2712 c.
2099 2658 2173 2712 2⁰
2199 2649 2372 2727 vulgo

82 2741 311 2816 legitur
354 2733 661 2818 οἷχοὶριτος,
724 2745 786 2799 ut
826 2739 1205 2800 nominativus
1246 2736 1588 2814 singularis,
1627 2734 1904 2797 incertum
1940 2741 2032 2794 est
2079 2735 2152 2794 cf.
2187 2735 2370 2800 Hem.

86 2824 304 2904 Steph.
359 2823 540 2884 Thes.
590 2824 695 2884 Gr.
740 2823 876 2898 ling.
910 2844 960 2888 s.
994 2841 1051 2880 v.
1132 2822 1347 2882 Buttm.
1392 2841 1492 2896 gr.
1532 2839 1620 2897 gr.
1664 2818 1728 2897 1,
1780 2841 1840 2900 p.
1879 2825 2008 2884 262.
2049 2853 2136 2864 -
2197 2818 2368 2882 Heu.

90 2916 289 2976 autem
334 2908 449 2970 od.
494 2915 598 2982 20,
638 2911 744 2968 392
784 2907 956 2966 habet
1000 2907 1446 2983 comparativum
1485 2897 1891 2987 οἷχαρίσττρος.
1929 2935 2016 2950 --
2056 2904 2196 2963 Sed.
2221 2897 2371 2982 ἀχά-

90 3010 342 3068 ριστος,
406 3015 549 3064 του,
615 2993 663 3050 is
715 2997 838 3067 est,
888 2992 987 3068 qui
1024 2991 1261 3066 gratiam
1304 3009 1420 3048 non
1465 2991 1674 3062 refert,
1733 2989 1992 3064 ingratus
2031 2987 2136 3066 (cf.
2178 2987 2368 3054 Bekk.

94 3073 319 3136 Anecd.
351 3097 410 3154 p.
452 3077 585 3150 473)
644 3077 729 3134 sic
768 3075 988 3135 Herod.
1034 3075 1079 3132 1.
1118 3078 1190 3132 90
1242 3064 1615 3154 ἆχαρίστοισι
1648 3067 1840 3146 εἶναι,
1899 3073 1995 3131 uhi
2051 3072 2210 3148 quod
2250 3072 2368 3132 duo

96 3161 269 3220 codd.
304 3161 379 3220 R.
415 3181 464 3224 c.
506 3151 845 3240 α’χαριστεῖν
884 3159 1185 3238 praebent,
1224 3178 1331 3234 pro
1369 3161 1878 3235 interpretamento
1919 3163 2010 3214 est
2027 3148 2373 3220 -habendum‘

100 3243 203 3319 (cf.
248 3242 403 3304 Lob.
444 3244 658 3322 Plu-yn.
696 3245 889 3322 p.'18)
932 3243 1005 3302 V.
1036 3248 1105 3304 91
1148 3237 1323 3325 δήμῳ
1371 3233 1673 3322 ἄχαρίστῳ
1715 3240 1882 3310 (item
1903 3237 2052 3298 Plut.
2073 3240 2148 3296 de
2172 3238 2370 3313 Malig.

103 3344 149 3383 c.
192 3325 337 3403 230.
424 3327 825 3388 Verumtamen
868 3329 1021 3385 idem
1066 3326 1402 3398 Herodotus
1444 3325 1492 3382 Ι.
1531 3329 1600 3383 32
1635 3329 1781 3383 extr.
1824 3322 1966 3380 dixit
2014 3315 2372 3402 εὐχαρίστως

100 3413 381 3476 τελευτᾶν
432 3408 539 3476 τὸν
572 3414 715 3492 βίον
769 3413 930 3487 (item
968 3400 1332 3490 εὐχαρίστως
1372 3408 1484 3466 hoc
1521 3426 1592 3468 ex
1628 3406 1756 3466 loco
1801 3404 1969 3465 Stob.
2008 3406 2194 3466 Serm.
2241 3411 2369 3482 103,

103 3510 157 3568 Ρ.
200 3496 338 3573 564)
380 3497 605 3572 placide
640 3498 813 3554 vitam
858 3495 1063 3564 finire3
1118 3512 1291 3570 quum
1338 3484 1688 3569 εὐχείρωτος
1727 3490 1868 3548 alias
1921 3489 1994 3548 de
2035 3508 2105 3547 eo
2138 3490 2367 3567 dicitur,

104 3577 194 3650 qui
230 3581 473 3655 gratiam
518 3582 717 3639 refert.
756 3579 833 3640 cs.
868 3578 1122 3639 Boeckh.
1167 3577 1346 3654 Corp.
1386 3575 1650 3652 Inscript.
1697 3572 1739 3651 l,
1780 3580 1831 3634 1.
1869 3593 1928 3654 p.
1969 3581 2042 3634 52
2078 3573 2138 3633 b.
2177 3573 2368 3634 Inter·

104 3676 225 3736 ppr.
265 3663 342 3722 ad
383 3661 647 3744 Xenoph.
695 3664 911 3742 Cyrop.
954 3661 1026 3721 11.
1068 3668 1125 3738 2,
1168 3668 1219 3720 1.
1258 3693 1331 3740 :-
1376 3659 1551 3719 Hom.
1591 3659 1707 3722 od.
1747 3656 1896 3718 VIII.
1930 3664 2038 3744 236
2075 3649 2368 3740 ἀχάριστα

103 3746 423 3820 mjueundn.

237 3912 293 3980 ⁴¹)
348 3913 485 3968 vide
535 3919 591 3966 et
632 3910 837 3966 Herod.
896 3909 995 3963 111.
1042 3907 1113 3964 37
1175 3903 1249 3962 ου’
1292 3905 1534 3975 θεμιτόν
1581 3905 1698 3962 ἐστι
1739 3909 1858 3964 sine
1904 3908 2096 3963 variet.
2142 3901 2364 3956 Antistt.

112 3973 266 4036 Bekk.
294 3983 341 4052 1,
376 4002 431 4054 p.
470 3982 561 4048 99,
597 3979 667 4038 27
700 3973 942 4048 θεμιτὸν
972 3973 1281 4042 Ἡρόδοτος
1313 3977 1500 4046 τρίτῳ.
1553 3973 1793 4032 Πλάτων
1825 3965 1960 4044 περί
1988 3971 2193 4040 ψυχῆς.

206 4050 297 4118 **)
331 4043 369 4104 α’
405 4047 572 4119 οἳριτα
610 4059 750 4103 recte
783 4047 929 4116 vulg.
967 4063 1081 4101 cum
1118 4045 1196 4100 M.
1227 4043 1293 4098 K.
1326 4046 1383 4098 S.
1433 4062 1484 4099 a.
1522 4064 1569 4100 c.
1629 4041 1925 4116 ἀχάριστα.
1961 4039 2016 4094 d.

174 4113 295 4186 ***)
334 4071 757 4198 αᾷαριτοὸτατον
791 4134 929 4170 nunc
964 4124 1107 4170 recte
1146 4113 1286 4186 vulg.
1322 4132 1436 4168 cum
1475 4115 1623 4172 codd.
1663 4117 1722 4170 S.
1763 4113 1826 4163 V·
1865 4110 1926 4165 P.
1965 4109 2033 4163 K.
2071 4105 2139 4161 F.
2167 4121 2218 4160 a.
2241 4101 2362 4162 md·

112 4172 540 4253 ἀχαριστότατον
573 4187 691 4241 Ald.
729 4187 795 4240 al.
837 4179 1187 4254 α’χαρίτωτοτ
1220 4185 1277 4238 b.
