2784 4567
884 1135 1240 1231 LIBER
1299 1134 1763 1235 PR1MUS.

166 1481 313 1586 Quo
366 1524 620 1596 tempore
664 1517 821 1593 Papa
865 1516 1167 1595 Nicolaum,
1225 1518 1390 1595 hujus
1436 1520 1675 1578 nominis
1718 1520 1977 1597 quintus,
2042 1539 2267 1598 omnes,
2316 1540 2471 1599 quae

163 1601 398 1677 quidem
445 1611 582 1661 tunc
634 1603 688 1661 in
739 1601 895 1660 ltalia
943 1602 1334 1681 innotuerant,
1386 1604 1732 1663 Graecorum
1774 1602 1988 1661 litteras
2044 1605 2097 1661 in
2156 1624 2471 1665 sermonem

162 1684 398 1743 latinum
450 1706 554 1764 per
597 1686 951 1746 doctissimos
1001 1687 1146 1745 illius
1189 1689 1456 1763 temporis
1500 1688 1649 1744 viros
1694 1689 1940 1747 converti
1988 1684 2196 1763 voluit,
2259 1694 2323 1745 ut
2362 1688 2475 1746 hoc

161 1770 374 1828 scilicet
415 1772 589 1828 modo
633 1771 863 1829 scientia
917 1777 974 1828 et
1042 1772 1290 1847 cognitio
1344 1770 1685 1828 Graecarum
1740 1770 2080 1841 litterarum,
2137 1772 2294 1847 quod
2348 1779 2471 1831 stu-

161 1854 324 1911 dium
361 1874 476 1913 non
529 1855 608 1911 ita
656 1852 831 1913 multo
876 1861 1011 1912 ante
1061 1855 1345 1933 inceperat
1406 1856 1461 1913 in
1520 1854 1677 1912 ltalia
1731 1856 1961 1928 florere,
2023 1856 2201 1931 magis
2255 1856 2464 1933 magis-

161 1956 279 2013 que
320 1945 642 2015 augeretur,
684 1958 754 1998 eo
793 1944 1050 2015 tempore
1099 1938 1438 1997 Laurentius
1480 1938 1577 1997 ille
1614 1938 1890 1997 Vallensis
1934 1935 2220 1997 Herodoti
2267 1938 2468 1998 Histo-

157 2023 274 2081 rias
323 2022 507 2082 latinis
556 2022 739 2081 verbis
783 2024 1047 2081 reddidit.
1136 2022 1341 2099 Neque
1383 2030 1600 2094 tamen,
1659 2024 2013 2101 quantumvis
2070 2041 2276 2101 magna
2322 2024 2467 2083 bene

157 2106 562 2187 eleganterque
605 2106 830 2166 dicendi
875 2109 1038 2185 copia
1091 2108 1326 2165 valuerit
1379 2107 1473 2166 ille
1525 2107 1766 2167 lectores
1811 2106 2029 2165 allicere
2072 2126 2140 2166 ac
2202 2108 2463 2187 retinere,

159 2198 349 2251 totum
392 2212 535 2273 opus
579 2194 777 2251 eadem
813 2192 1134 2269 diligentiae
1176 2200 1233 2251 et
1276 2192 1444 2249 animi
1491 2190 1817 2251 attentionis
1841 2193 2156 2251 constantia
2198 2194 2465 2271 persecu-

155 2284 250 2335 tus
295 2276 496 2355 est*);
539 2276 665 2351 sed,
696 2294 1034 2353 quamquam
1087 2278 1220 2333 satis
1263 2276 1427 2334 certis
1472 2277 1815 2355 argumentis
1862 2275 2012 2333 illum
2049 2278 2093 2333 si
2128 2296 2241 2335 non
2279 2278 2463 2354 ipsum

156 2360 413 2421 codicem
457 2362 500 2419 S
545 2360 633 2419 vel
678 2360 752 2438 V,
796 2366 982 2419 tamen
1029 2380 1198 2418 unum
1241 2360 1328 2417 his
1372 2359 1706 2418 simillimum
1759 2368 1894 2419 ante
1947 2358 2142 2421 oculos
2203 2360 2464 2419 babuisse

158 2442 420 2503 concludi
465 2451 679 2523 potest,
723 2463 845 2503 eam
896 2452 1084 2502 tamen
1130 2444 1309 2521 ipsam
1353 2444 1667 2502 versionem
1717 2443 1967 2521 plurimis
2030 2444 2085 2500 in
2146 2442 2284 2500 locis
2337 2444 2462 2501 loco

157 2530 353 2604 graeci
409 2527 532 2587 libri
583 2529 745 2586 nobis
790 2528 1106 2586 habendam
1152 2546 1295 2603 esse,
1338 2526 1567 2603 planum
1619 2534 1743 2597 est3
1791 2528 1864 2582 ad
1918 2544 2122 2599 quam,
2172 2544 2345 2601 quum
2391 2527 2466 2583 de

157 2613 335 2670 rebus
392 2614 466 2669 ad
524 2610 824 2669 dialectum
878 2610 1288 2689 pertinentibus
1352 2611 1607 2684 quaestio
1662 2609 1997 2685 instituitur,
2056 2626 2183 2665 raro
2246 2615 2465 2667 tantum

159 2702 340 2770 atque
381 2702 543 2754 caute
594 2694 792 2773 respici
840 2713 1026 2773 posse,
1079 2712 1244 2750 nemo
1297 2712 1410 2751 non
1472 2694 1654 2765 videt3
1702 2692 2024 2771 saepissime
2066 2712 2197 2750 vero
2244 2701 2303 2751 et
2346 2694 2464 2751 sere

161 2798 388 2856 semper
431 2799 602 2857 quum
648 2780 720 2837 de
764 2780 928 2837 rebus
974 2778 1247 2836 historicis
1299 2778 1603 2857 quaeritur,
1650 2779 1734 2836 vel
1774 2776 2185 2854 geographiciS,
2238 2777 2460 2854 mytho-

158 2863 358 2941 logicis
401 2864 812 2939 similibusque,
857 2864 929 2921 ad
973 2882 1114 2939 quas
1165 2864 1316 2941 ipsas
1361 2862 1573 2919 facilius
1624 2864 1797 2937 atque
1847 2862 2194 2919 commodius
2245 2881 2460 2937 cogno-

159 2949 402 3007 scendas
446 2950 594 3009 sacta
638 2949 710 3007 sit
751 2947 845 3006 illa
889 2949 1090 3007 versio.
1177 2946 1437 3005 Necdum
1496 2948 1638 3004 enim
1698 2948 2005 3005 admodum
2051 2946 2125 3003 ad
2178 2964 2459 3023 gramma-

160 3034 328 3091 ticam
399 3051 657 3111 graecam
723 3034 1178 3110 perdiscendam,
1245 3032 1450 3089 nedum
1502 3032 1576 3089 ad
1640 3031 1910 3091 dialectos
1962 3031 2185 3107 penitus
2243 3050 2459 3105 cogno-

160 3119 420 3196 mendas,
468 3118 753 3192 adjecerat
792 3116 1031 3175 animum
1070 3116 1161 3173 illa
1211 3122 1386 3187 aetas,
1433 3116 1645 3193 quippe
1701 3134 1847 3190 quae
1888 3114 2023 3171 nihil
2061 3112 2178 3189 jam
2223 3097 2461 3192 amplius

161 3220 286 3261 esse
336 3202 669 3279 gloriaretur
725 3220 823 3258 cur
877 3201 1220 3258 Graecorum
1278 3200 1476 3257 litteris
1534 3200 1911 3265 invideretur,
1968 3217 2035 3255 ex
2096 3216 2209 3271 quo
2272 3198 2461 3261 omnia

160 3306 342 3362 paene
393 3306 587 3344 eorum
648 3286 857 3362 scripta
900 3286 954 3343 in
1007 3285 1241 3342 latinum
1294 3302 1452 3341 versa
1497 3283 1819 3359 legerentur
1838 3282 1943 3355 **).
2010 3280 2190 3337 Erant
2233 3282 2461 3354 quidem

157 3370 255 3427 illo
303 3378 561 3451 tempore
603 3371 758 3447 apud
797 3368 967 3426 italos
1001 3368 1270 3429 nonnulla
1307 3368 1671 3443 grammatica
1722 3366 1949 3443 scripta,
2005 3370 2066 3420 ut
2102 3363 2224 3421 libri
2260 3364 2457 3422 Const.

158 3452 440 3531 Lascaris‚
495 3454 710 3526 Gazae,
764 3452 1158 3531 Chrysolorae‚
1209 3451 1475 3527 aliorum,
1516 3470 1627 3507 non
1673 3456 1860 3507 tamen
1910 3448 1984 3505 ad
2035 3448 2209 3525 ipsam
2270 3467 2461 3523 gram-

161 3541 418 3596 maticam
463 3558 721 3615 graecam
770 3539 1193 3615 perdiscendam
1248 3537 1429 3605 facta,
1483 3538 1584 3591 sed
1650 3535 1853 3609 quibus
1910 3534 1983 3588 ad
2040 3532 2309 3609 legendas
2373 3532 2459 3589 in-

158 3622 606 3701 telligendasque
638 3642 732 3681 eas
773 3640 883 3694 res,
929 3641 1073 3697 quae
1106 3622 1320 3697 graecis
1359 3618 1552 3691 litteris
1589 3620 1962 3687 continentur,
2015 3617 2102 3673 via
2141 3614 2456 3692 patefieret.

329 3707 621 3774 Quantum
666 3713 854 3764 tamen
901 3706 1068 3781 absit,
1115 3712 1176 3762 ut
1221 3704 1450 3762 meritas
1492 3702 1721 3773 laudea,
1786 3700 1993 3775 quibus
2050 3707 2185 3758 tunc
2229 3698 2304 3756 illi
2355 3698 2459 3755 viri

157 3810 463 3867 eorumque
485 3791 829 3868 grammatici
853 3788 975 3846 libri
1017 3788 1449 3859 extollebantur,
1502 3785 1703 3861 quibus
1751 3785 1808 3843 in
1846 3783 2245 3860 componendis
2289 3782 2461 3841 multa
2540 3853 2547 3858 ·

287 4004 340 4069 *)
379 4002 467 4057 Cf.
505 4002 738 4058 Gruter-i
777 4004 1064 4057 comment.
1103 4002 1170 4055 de
1202 4002 1475 4081 Herodoto
1524 3998 1591 4049 ab
1640 3999 1949 4115 interpr-est..
1989 4010 2089 4047 non
2129 3992 2260 4043 satis
2306 3994 2462 4043 c'ute

155 4078 392 4124 tractato
425 4090 482 4142 p.
514 4074 540 4125 1
579 4090 659 4142 sq.
695 4080 750 4125 et
784 4090 934 4141 quem
984 4071 1221 4124 laudavit
1257 4070 1608 4136 Hyetium,
1646 4068 1711 4118 de
1748 4084 1775 4117 c
1796 4082 1901 4116 ans
1932 4066 2226 4124 interprett.
2258 4078 2310 4131 p.
2344 4058 2461 4123 ,18,

155 4150 316 4208 atque
359 4148 635 4208 praeterea
669 4142 848 4195 Praei.
890 4140 1116 4193 Wessel.
1155 4140 1222 4191 ad
1263 4134 1464 4189 Herod.
1586 4198 1602 4213 .
1794 4194 1809 4207 ·
2444 4162 2449 4170 .

287 4212 366 4274 ”2
405 4209 490 4263 Cf·
538 4210 768 4273 Remu,
807 4208 1006 4265 Gesch.
1043 4207 1096 4261 d.
1128 4207 1277 4261 stud,
1315 4205 1410 4256 der
1446 4197 1715 4253 dumea.
1746 4195 1875 4245 ιιιι
1903 4188 2074 4311 ¹¹1⁹}
2088 4184 2157 4238 78
2183 4198 2239 4239 02
2266 4186 2464 4251 eamq,
