2784 4567
730 167 818 229 De
866 168 1104 246 dialecto
1151 162 1479 227 Herodotea
1520 168 1617 231 lib.
1664 166 1703 225 l.
2280 160 2367 229 '19

99 329 406 410 ξωτιίτας,
439 335 498 394 id
545 354 722 412 genus
761 336 888 409 alia,
935 356 1173 413 quorum
1221 338 1296 395 de
1347 354 1479 396 vera
1536 333 1917 394 modulatione
1976 338 2121 395 inter
2170 352 2367 395 omnes

93 427 342 493 constat,
385 428 616 499 accepta
667 423 968 481 referimus.
1055 422 1350 480 Praeterea
1387 422 1529 497 quid
1568 419 1741 479 Attici
1778 420 1975 495 aliique
2016 439 2187 498 prosa
2240 440 2367 480 ora-

96 505 260 563 tione
303 506 388 563 usi
430 505 539 563 hoc
583 506 638 564 in
692 525 900 583 genere
939 514 1044 585 pro
1088 514 1210 565 rato
1251 514 1599 585 acceptoque
1639 504 1959 578 habuerint,
2004 524 2072 563 ex
2115 506 2365 565 Plutoni·

98 572 342 667 (Cratyl.
391 610 448 669 p.
495 594 600 650 419
641 590 741 667 D.)
786 591 1055 669 scriptura
1113 592 1397 651 nominum
1440 586 1837 672 ευφερωσυνη
1880 594 1939 646 et
1986 584 2361 670 ευφροσιῖνη,

95 675 329 749 regulae
371 676 764 733 convenienter
809 677 1145 752 alternante,
1188 679 1322 734 satis
1365 675 1583 735 elucere
1625 674 1754 733 mihi
1796 675 2033 732 videtur.

273 760 458 837 Sa'epe
519 758 728 819 librarii
785 761 1093 818 orationem
1161 762 1573 838 depravarunt,
1639 778 1813 837 quum
1886 776 2089 815 sonum
2140 755 2367 833 alicujus
2470 762 2479 769 ⁷

91 842 350 917 syllabae
399 843 606 901 diutius
662 843 887 901 auribus
948 844 1327 903 inhaerentem
1381 846 1458 902 ad
1522 845 1759 902 alienam
1796 842 2066 920 syllabam
2118 848 2373 901 transtu-

94 926 316 1000 lerunt,
373 934 476 985 aut
517 928 743 986 duobus
795 928 886 985 vel
936 928 1188 1005 pluribus
1235 948 1302 987 se
1351 929 1584 987 invicem
1635 926 2031 1005 excipientibus
2084 926 2369 985 vocabulis

93 1013 337 1071 eandem
387 1012 830 1070 terminationem
887 1012 1208 1071 affixerunt.
1293 1013 1428 1081 Quo
1478 1014 1771 1071 referenda
1822 1028 1945 1069 esse
1998 1010 2225 1069 videtur
2276 1008 2367 1071 illa

88 1095 212 1169 jam
259 1096 570 1155 inveterata
619 1096 926 1173 scripturae
968 1096 1296 1173 depravatio
1350 1095 1394 1155 Ι.
1438 1101 1509 1155 92
1564 1094 1631 1159 ἕν
1673 1097 2039 1179 Βραγχίδῃσι
2072 1119 2143 1179 τῃ
2126 1100 2217 1155 σι’
2236 1100 2369 1157 Μι-

91 1180 355 1256 λησίων,
397 1178 554 1253 cujus
581 1178 696 1254 jam
743 1178 986 1237 Philemo
1032 1182 1425 1255 grammaticus
1458 1182 1613 1260 apud
1640 1180 1904 1258 Porphyr.
1932 1180 2165 1247 Quaest.
2190 1178 2361 1241 Hom.

93 1263 131 1322 Ι.
169 1264 208 1321 l.
258 1263 528 1334 meminit;
570 1282 756 1339 neque
799 1282 928 1321 vero
973 1264 1022 1321 ei
1067 1265 1248 1322 fraudi
1290 1282 1415 1323 esse
1444 1266 1723 1323 debebant
1754 1264 2096 1323 librariorum
2126 1282 2364 1343 errores,

93 1366 274 1421 quum
327 1347 479 1405 nulla
524 1345 680 1423 justa
721 1346 900 1404 subsit
939 1363 1128 1420 causa,
1179 1366 1364 1425 neque
1406 1348 1521 1408 ulla
1568 1350 1771 1408 idonea
1814 1350 1957 1405 ratio
2010 1350 2170 1407 reddi
2226 1368 2363 1427 pos-

94 1433 188 1502 sit,
235 1450 334 1488 cur
378 1430 725 1503 Herodotus,
767 1431 870 1489 nisi
921 1431 1178 1490 consulto
1225 1452 1260 1491 a
1303 1435 1583 1491 communi
1626 1434 2031 1491 cousuetudine
2079 1452 2208 1491 eum
2272 1452 2363 1491 re-

95 1516 330 1573 cessisse
369 1516 541 1586 dicas,
573 1514 712 1573 illud
757 1532 960 1574 nomen
1005 1518 1448 1594 patronymicum
1490 1519 1789 1575 foeminino
1824 1536 2029 1592 genere
2058 1534 2365 1594 usurpasse

90 1600 382 1677 putandus
427 1601 516 1657 sit.
601 1597 806 1674 Neque
849 1600 1014 1657 etiam
1062 1620 1189 1658 cum
1229 1600 1282 1659 Ι
1283 1602 1513 1660 obeckio
1574 1602 1681 1679 (ad-
1730 1602 1943 1659 Buttm.
2010 1620 2094 1675 gr.
2146 1620 2232 1675 gr.
2284 1600 2362 1677 ΙΙ,

98 1704 154 1761 Ρ.
197 1684 332 1759 436)
378 1683 512 1741 illud
562 1702 687 1741 cum
729 1682 936 1741 talibus
983 1684 1233 1742 locorum
1271 1686 1613 1757 nominibus,
1657 1684 1843 1759 qualia
1891 1691 2023 1740 sunt
2070 1678 2362 1761 Ἀγιάδαι,

93 1766 432 1837 Αἰνειάδαι,
473 1768 828 1845 Βωταχίδαι,
885 1762 1306 1869 Πατριαγιίδαι
1349 1768 1449 1845 (cf.
1493 1767 1691 1846 Steph.
1738 1768 1875 1843 Byz.
1918 1784 1965 1824 s.
2012 1784 2063 1822 v.
2098 1770 2365 1845 Πατρια-

98 1847 302 1931 γαδαι,
349 1847 639 1930 Περσικὸς
681 1846 886 1925 minoe,
933 1850 997 1911 οἱ
1049 1847 1363 1931 οἰκήτορες
1417 1849 1647 1927 ὁμοίως
1700 1845 2181 1932 Πατριαγοὶδαι),
2226 1870 2363 1911 con-

100 1937 294 2013 feram,
339 1936 440 1995 sed
477 1955 601 1994 cum
651 1935 875 1994 Reiskio
921 1945 978 1993 et
1021 1936 1280 1994 Bekkero
1318 1942 1376 1993 et
1420 1937 1533 1994 isto
1574 1936 1629 1994 in
1668 1935 1793 1994 loco
1835 1942 1988 1996 τοῖσι
2032 1938 2363 2013 Μιλησίων

99 2022 261 2079 scribi
316 2022 502 2097 velim,
549 2024 607 2077 et
647 2019 716 2077 ΙΙ.
757 2023 860 2079 159
911 2038 1036 2078 cum
1079 2021 1205 2078 cod.
1250 2020 1308 2077 S.
1357 2020 1419 2093 ἐς
1463 2021 1797 2120 Βραγχίδας
1844 2042 1991 2095 τους
2032 2024 2363 2099 Μιλησίων

97 2125 200 2182 pro
243 2105 477 2183 vulgato
529 2100 636 2176 τα“ς
693 2105 1049 2183 Μιλησίων;
1111 2110 1176 2163 ut
1240 2124 1433 2164 omnes
1496 2106 1623 2165 sine
1677 2105 1788 2163 ulla
1828 2106 2095 2164 varietate
2149 2105 2194 2166 1.
2257 2110 2363 2167 158

97 2189 446 2267 πέμψαντες
485 2188 542 2261 ἐς
583 2212 725 2261 τους
778 2190 1114 2269 Βραγχίδας
1169 2190 1560 2266 praebuerumt.
1660 2189 1797 2247 Aliis
1848 2190 1900 2248 in
1956 2190 2089 2247 locis
2140 2190 2210 2269 (Ι.
2270 2195 2357 2250 46.

95 2280 213 2333 155.
284 2274 354 2331 V.
397 2273 506 2348 36)
557 2292 670 2331 non
726 2274 954 2332 additur
992 2273 1258 2331 articulus
1293 2280 1409 2331 aut·
1445 2276 1785 2349 adjectivum
1816 2275 2234 2353 participiumve
2276 2276 2363 2334 ul·

97 2357 228 2432 lum,
273 2358 434 2433 cujus
474 2376 544 2415 ex
590 2359 980 2415 terminatione
1017 2376 1196 2433 genus
1244 2358 1576 2417 substantivi
1626 2365 1932 2436 appar-ean
1998 2359 2153 2432 quod
2209 2360 2361 2418 valet

97 2445 260 2501 etiam
309 2444 383 2500 de
427 2442 548 2499 aliis
591 2441 774 2499 multis
825 2442 1195 2521 posteriorum
1245 2442 1576 2519 scriptorum
1640 2441 1804 2512 loeis,
1866 2441 1961 2497 ubi
2018 2441 2363 2501 Branchida-

97 2546 214 2585 rum
257 2527 471 2585 meutio
515 2532 602 2583 est
651 2524 886 2598 injecta,
957 2526 1108 2582 unde
1167 2525 1366 2581 merito
1422 2525 1681 2581 dubitare
1730 2524 1945 2601 possis,
2002 2540 2149 2581 anne
2206 2526 2362 2599 apud

97 2609 197 2669 hos
239 2610 586 2709 posteriores
629 2626 834 2665 nomen
877 2608 1202 2686 Βραγχίδαι
1242 2625 1348 2684 pro
1395 2606 1497 2663 loci
1540 2606 1763 2663 nomine
1812 2606 2089 2663 interdum
2148 2606 2363 2665 haben-

99 2696 227 2753 dum
280 2696 388 2767 sit;
437 2694 508 2751 cf.
555 2691 715 2749 Faus·
761 2690 834 2768 V,
863 2713 923 2769 p.
967 2694 1072 2748 299
1121 2690 1366 2769 (sylb-2)
1418 2686 1568 2750 narni
1618 2690 1953 2770 Βραγχίδας
2004 2686 2160 2766 πρδς
2199 2689 2362 2768 λιμέ-

97 2800 153 2839 νι
173 2774 598 2859 ὀνομαζομένῳ
625 2770 785 2836 Γαν’
735 2798 939 2857 ορμφ,
946 2774 1154 2847 -V11,
1180 2796 1236 2853 p.
1258 2779 1391 2833 405:
1416 2768 1549 2835 τότε
1571 2773 1639 2835 ἔν
1660 2775 2015 2855 Βραγχίδαις
2029 2777 2137 2849 τῆς
2164 2780 2361 2855 Μιλη-

97 2862 238 2936 σίας.
331 2863 448 2921 Sed
499 2880 646 2937 quae
691 2861 744 2919 in
789 2838 1042 2919 Cononis
1089 2860 1409 2918 narratione
1447 2858 1691 2917 xxxm
1736 2860 1840 2938 (Ρ.
1882 2863 1988 2918 274
2028 2859 2141 2919 Th.
2188 2861 2360 2940 Gale)

97 2946 386 3023 leguntur.
441 2944 476 3008 ὅ
517 2942 584 3006 δὲ
624 2941 893 3027 Βραγχος
939 2943 1002 3017 ἐξ
1061 2938 1442 3016 ’Λπόλλωνος
1494 2942 1811 3017 ἐπίπνους
1846 2948 2143 3021 μαντικῆς
2193 2966 2363 3028 7270·-

98 3030 214 3104 νως
257 3031 326 3094 ἐν
367 3025 664 3135 Διδύμοις
697 3032 788 3111 τῷ
819 3030 1026 3111 χωρίῳ
1070 3028 1228 3134 ἔχρα,
1281 3026 1386 3089 καὶ
1430 3026 1604 3127 μέχρι
1640 3032 1753 3089 τοῦ
1810 3032 1927 3090 νῦν
1979 3036 2358 3111 χρηστηρίων
2480 3074 2486 3081 -

93 3110 492 3195 Ἑλληνικῶν,
545 3106 634 3175 ων
679 3113 878 3191 ἴσμεν,
939 3108 1086 3189 μετα
1142 3108 1423 3188 Δελφους
1469 3131 1805 3191 ·κρατιστον
1858 3110 2237 3197 ομολογεῧιαι
2288 3112 2359 3177 το

99 3202 218 3260 τῶν
265 3199 637 3277 Βραγχίδωι,
689 3198 828 3256 haec
877 3198 1112 3255 formam
1158 3197 1222 3260 οἱ
1248 3198 1572 3278 Βραγχίδαι
1624 3196 1925 3255 masculino
1986 3216 2194 3273 genere
2248 3218 2356 3277 po-
2458 3265 2465 3273 ⁸

95 3283 251 3343 sitam
268 3284 630 3343 indubitatam
641 3283 917 3355 reddunt·
941 3282 1010 3343 cf.
1025 3282 1191 3342 ctiam
1220 3283 1595 3340 narrationem
1612 3279 1796 3338 XLIV
1823 3281 1903 3359 (Ρ.
1918 3283 2152 3355 290.)εῐ
2170 3284 2358 3341 Strab.

99 3366 246 3444 XIV,
294 3376 342 3429 1.
389 3400 484 3413 ——
529 3366 610 3425 Ac
662 3367 880 3425 monuit
932 3367 1054 3444 ipse
1115 3364 1394 3441 Philemo,
1454 3388 1563 3437 τας
1628 3362 1963 3443 Βραγχίδας
2014 3365 2359 3427 Graecorum

102 3450 253 3510 facile
301 3453 572 3511 neminem
617 3450 841 3520 dixisse,
875 3466 1060 3526 neque
1089 3446 1466 3509 Alexandrum
1512 3450 1931 3525 grammaticum
1978 3449 2355 3527 Coty-aensem

105 3534 382 3611 vulgatum
427 3538 566 3616 τῇσι
605 3534 648 3591 Ι.
705 3538 776 3593 92
811 3552 918 3612 pro
961 3534 1204 3610 genuino
1264 3532 1557 3605 habuisse,
1614 3534 1716 3591 sed
1779 3536 1887 3611 τῆς
1941 3534 2081 3611 (scil.
2136 3530 2359 3616 χώρης,

103 3620 235 3695 γῆς)
278 3620 439 3678 scribi
483 3619 754 3690 voluisse3
808 3636 930 3675 sese
984 3613 1194 3676 antem
1225 3617 1409 3695 ipsum
1466 3620 1523 3675 in
1578 3617 1811 3691 vulgato
1864 3618 2166 3677 foeminino
2214 3639 2248 3679 ι
2270 3624 2359 3680 σε

102 3705 504 3775 persistendum
549 3720 674 3760 esse
723 3701 1080 3773 existimasse,
1123 3718 1296 3777 quum
1335 3702 1516 3759 Jones
1566 3701 1731 3759 etiam
1770 3701 1879 3759 alia
1922 3704 2171 3777 nomina,
2218 3704 2359 3761 aias

102 3787 392 3847 masculino
443 3803 650 3862 genere
697 3792 984 3863 usurpata,
1033 3784 1332 3843 foeminino
1389 3803 1603 3863 genere
1640 3785 1821 3845 dicere
1876 3786 2139 3850 solerent.
2226 3787 2360 3853 Qua

103 3868 172 3927 de
213 3872 390 3929 fallaci
431 3871 650 3929 ratione
689 3868 807 3945 jam
855 3886 1028 3958 supra
1075 3867 1326 3925 diximus.
1622 3888 1629 3895 ·

265 3954 525 4013 Similiter
565 3960 857 4033 peccatum
900 3950 1007 4025 est,
1059 3970 1232 4027 quum
1274 3950 1318 4007 Ι.
1372 3956 1475 4011 192
1518 3968 1667 4009 nunc
1700 3952 1870 4028 vulgo
1916 3970 2041 4009 cum
2083 3950 2247 4022 codd.
2276 3949 2357 4007 M.
2428 3952 2439 3957 '

105 4031 168 4093 P·
204 4036 280 4099 K.
321 4038 388 4098 F.
439 4038 508 4097 R.
551 4056 602 4097 ιι.
667 4057 716 4098 c.
775 4037 982 4115 legitur
1043 4036 1339 4116 μεδίμνου
1393 4028 1673 4113 Ἀττικῆς
1724 4036 1806 4113 (ἦ
1857 4028 2095 4113 ἆταρβη
2153 4030 2359 4109 χωρέει

106 4122 390 4199 μεδίμνου
422 4114 695 4200 Ἀττικῆς
754 4122 938 4185 πλέον
989 4122 1209 4227 χοίνιξι
1267 4117 1427 4200 τρισι
1484 4115 1811 4195 Ἀττικῇσι)
1861 4136 1962 4189 pro
2024 4114 2156 4169 olim
2212 4122 2361 4175 recte

101 4220 220 4263 cum
253 4206 534 4267 codicibus
567 4208 630 4265 S.
671 4206 726 4265 b.
775 4207 832 4264 d.
881 4206 1114 4282 vulgato
1167 4199 1468 4277 Ἀττικαῖς
1510 4222 1645 4260 nam
1681 4197 1805 4257 V-II
1855 4199 1954 4255 187
1990 4212 2185 4253 omnes
2214 4204 2368 4260 recte
