2784 4567
351 168 438 235 32
986 172 1078 233 De
1121 170 1360 233 dialecto
1402 168 1735 231 Herodotea
1774 168 1867 229 lib.
1912 168 1959 229 1.

519 338 600 399 Et
640 337 844 399 solae
881 339 1473 420 praepositiones
1534 352 1678 397 cum
1734 354 1903 396 casu
1961 335 2265 413 quodam
2324 335 2663 393 nominis

355 424 789 501 conjunctae
830 424 1024 483 inter
1068 443 1141 484 se
1195 430 1728 529 permutantur:
1813 420 1858 478 Ι.
1900 424 1973 480 24
2028 416 2196 500 παριῖ
2257 413 2661 500 Περιάνδρῳ

353 508 506 585 vulg.
557 505 672 571 σὺν
717 508 864 589 Περ.
909 508 970 565 S.
1051 512 1120 567 61
1173 504 1571 585 ατιμᾶζεσθαι
1631 500 1789 585 πρδς
1849 500 2293 584 Πεισιστράτου
2344 504 2517 579 vulg.
2590 504 2661 563 ἐκ

358 594 534 655 Πεισ.
577 610 624 651 c.
685 596 792 651 203
833 584 938 654 ἄπ’
979 584 1132 670 ὕλης
1183 585 1397 695 vilelm-
1442 584 1669 663 ζώοντα
1713 588 1792 646 Μ.
1842 586 1918 647 Κ.
1966 588 2033 646 F.
2074 608 2130 647 a.
2182 608 2230 645 c.
2276 586 2335 660 ἐξ
2373 580 2550 665 ὕλης
2602 588 2657 643 b.

355 677 413 734 d.
457 676 518 733 S.
562 673 691 733 Ald.
755 675 853 734 vl.
884 681 921 733 2
962 671 1120 754 πρός
1169 679 1371 735 αυταῖν
1419 674 1572 750 vulg.
1622 665 1727 733 ὕπ’
1788 665 1995 733 αὐτῶν
2052 690 2104 729 a.
2156 691 2203 730 c.
2261 672 2321 727 S.
2368 702 2457 713 -—
2518 670 2655 727 vn.

357 766 388 820 1
429 756 580 821 κατοῖ
611 752 787 831 πόλις
810 804 827 822 .
852 756 991 835 περὶ
1023 750 1198 831 πὸλις
1239 760 1295 816 d.
1364 761 1463 817 171
1510 752 1647 818 ἀντὶ
1679 749 1914 817 τούτων
1938 756 1998 813 S.
2031 755 2102 814 V.
2152 750 2275 815 ἆπὸ
2293 751 2549 814 τούτων
2582 754 2655 810 F.

355 847 415 903 et
444 842 535 901 alii
569 843 668 921 (cf.
697 862 743 901 c.
771 841 937 922 169.).
961 874 1045 885 —-
1067 840 1146 900 Et
1169 861 1341 917 quum
1379 842 1595 901 dicatur
1629 845 1688 897 et
1722 838 1823 901 ἐπί
1844 846 1905 897 et
1938 830 2064 900 οἷπό
2088 860 2253 910 τινος
2280 842 2654 923 καλεῖσθαι,

354 924 704 1005 ἕπωνομίην
741 924 926 1005 ἔχειν,
966 927 1283 1007 saepissime
1333 926 1443 983 hae
1481 923 1921 1003 praepositiones
1976 923 2124 980 inter
2162 940 2228 980 se
2266 912 2655 998 permutatae

351 1009 738 1084 inveniuntur3
776 1011 904 1070 vide
947 1011 1081 1069 Var.
1133 1010 1318 1071 Lectt.
1367 1010 1443 1067 ad
1494 1008 1648 1067 locos
1690 1026 1727 1065 a
1756 1004 2067 1083 Schweigh.
2102 1006 2207 1065 iex.
2229 1005 2525 1063 Herodot.
2560 1005 2653 1063 in-

353 1094 588 1153 dicatos.

528 1176 688 1243 Quas
732 1178 878 1233 inter
921 1194 1114 1234 omnes
1164 1177 1473 1253 scripturae
1524 1174 1876 1233 diversitates
1928 1172 2227 1232 nonnullas
2277 1190 2427 1244 esse,
2480 1190 2651 1246 qnae

355 1259 430 1317 ab
477 1259 611 1335 ipsis
659 1256 886 1316 librariis
931 1260 1217 1336 profectae
1263 1260 1398 1331 sint,
1442 1257 1596 1315 haud
1651 1257 1969 1316 incredibile
2015 1265 2120 1317 est.
2206 1254 2417 1331 Neque
2478 1256 2647 1313 enim

355 1360 550 1401 omnes
596 1340 800 1401 librarii
843 1342 1042 1399 inertia
1085 1349 1259 1417 atque
1307 1342 1625 1419 ignorantia
1682 1343 1930 1415 horrent,
1981 1342 2207 1399 fuerunt
2257 1341 2425 1397 etiam
2472 1339 2643 1396 haud

356 1426 637 1499 ineruditi,
685 1426 784 1500 qui
830 1427 1315 1503 grammaticorum
1365 1426 1472 1483 rati
1514 1444 1578 1483 se
1626 1426 1787 1503 fungi
1828 1438 2001 1505 posse
2045 1424 2329 1501 partibus,
2376 1422 2472 1480 hic
2528 1422 2643 1480 illic

269 1498 281 1519 ⁸
355 1516 430 1569 ut.
465 1511 844 1588 perspicuitati
905 1509 1274 1586 consulerent,
1333 1510 1878 1584 emendatioremque
1934 1510 2239 1567 redderent
2294 1507 2642 1576 orationem,

356 1612 482 1653 eam
528 1600 744 1652 mutare
795 1593 1159 1652 conabantur.
1239 1594 1370 1661 Quo
1411 1594 1574 1650 etiam
1613 1594 1669 1651 in
1704 1593 2045 1652 Herodoteis
2082 1592 2218 1651 Mss.
2274 1590 2486 1649 multae
2539 1612 2639 1648 su-

352 1679 696 1757 perscriptae
751 1694 920 1737 voces
979 1677 1429 1754 mutationesque
1484 1696 1520 1734 a
1576 1696 1745 1735 manu
1800 1677 2052 1735 secunda
2120 1677 2415 1754 profectae
2478 1676 2637 1731 refe-

352 1763 563 1821 rendae
605 1778 732 1820 esse
775 1763 1052 1820 videntur.
1156 1759 1361 1837 Neque
1419 1760 1579 1819 facile
1640 1767 1731 1819 est
1786 1760 1994 1835 ubique
2053 1759 2386 1834 dijudicata,
2438 1764 2639 1815 utrum

353 1846 686 1905 Homericae
726 1852 785 1902 et
837 1843 1061 1903 Atticae
1110 1847 1388 1919 quaedam
1448 1845 1679 1917 formae,
1730 1864 1766 1903 a
1820 1851 2018 1902 nostro
2068 1844 2339 1920 scriptore
2386 1840 2637 1909 alienae,

355 1926 430 1985 ab
493 1928 616 1985 istis
677 1928 910 1986 eruditis
973 1928 1235 1997 librariis,
1291 1948 1362 1987 an
1415 1928 1919 2003 ludimagistrorum
1966 1938 2270 2003 eorumque
2322 1924 2637 2003 discipulo-

357 2026 484 2068 rum
531 2028 706 2087 opera
751 2011 807 2067 in
843 2010 1228 2068 Herodoteam
1276 2011 1579 2069 orationem
1630 2012 1774 2069 male
1819 2012 2074 2069 invectae
2128 2010 2443 2068 censendae
2492 2010 2633 2066 sint.

357 2091 692 2169 Saepissime
738 2092 884 2150 enim
927 2093 1128 2150 librarii
1170 2112 1306 2151 suae
1355 2094 1554 2151 aetatis
1584 2093 1851 2170 loquendi
1889 2094 2278 2169 scribendique
2316 2100 2635 2150 consuetu-

360 2175 543 2233 dinem
596 2174 787 2232 alienis
836 2176 1194 2253 scriptoribus
1245 2178 1635 2249 obtruserunt;
1684 2178 1842 2253 cujus
1889 2173 1965 2235 rei
2020 2196 2135 2237 non
2188 2194 2360 2234 unum
2418 2184 2508 2235 est
2573 2178 2632 2234 iu

357 2258 697 2317 Herodoteis
746 2257 884 2316 Mss-
933 2260 1124 2317 videre
1169 2259 1500 2338 exemplum.
1588 2261 1683 2319 Sic
1742 2262 1783 2320 1.
1840 2268 1942 2320 110
1995 2280 2185 2319 omnes
2240 2260 2408 2317 libros
2470 2260 2633 2316 obsi-

358 2342 460 2401 det
507 2342 648 2399 haec
690 2342 967 2419 scriptura
1007 2335 1088 2421 ἢν
1130 2340 1217 2423 μή
1261 2336 1617 2429 ἆποκτείνῃς
1664 2340 1837 2417 αὕτό,
1881 2340 2043 2406 ἄλλά·
2088 2368 2199 2427 τεῳ
2256 2339 2462 2425 τρόπῳ
2513 2367 2625 2402 πε-

354 2421 664 2509 ριποιήσῃ.
749 2427 868 2486 Sed
909 2434 1380 2506 περιποιεῖσθαι,
1417 2427 1628 2487 salvum
1658 2436 1963 2507 praestare,
2006 2429 2155 2507 apud
2191 2426 2431 2487 Dionem
2478 2426 2631 2485 Cas-

354 2512 500 2569 sium
545 2512 766 2569 demum
819 2518 1143 2589 usurpatum
1196 2512 1472 2584 invenies3
1555 2518 1753 2571 contra
1809 2518 2146 2589 περιποιεῖν
2206 2512 2340 2569 alias
2402 2530 2631 2588 semper

352 2594 463 2655 hoc
505 2594 561 2653 in
611 2614 780 2655 sensu
831 2598 982 2675 apud
1033 2602 1285 2655 nostrum
1317 2604 1406 2655 est
1442 2596 1682 2671 obvium,
1731 2597 1859 2654 vide
1890 2596 2044 2654 locos
2080 2614 2115 2653 a
2154 2595 2471 2671 Schweigh.
2508 2594 2629 2655 lex.

351 2678 568 2739 Herod.
625 2696 671 2736 s.
735 2697 788 2736 v.
854 2686 1192 2759 περιποιεῖν
1258 2680 1549 2751 laudatos;
1620 2698 1799 2755 quare
1858 2680 2011 2738 haud
2069 2679 2235 2738 dubie
2295 2680 2404 2738 isto
2494 2678 2630 2737 loco

352 2756 758 2837 περιποιήσῃς
795 2764 1186 2839 reponendum
1231 2780 1357 2820 esse
1404 2782 1621 2821 censeo.
1688 2761 1893 2838 Neque
1937 2762 2082 2823 idem
2136 2770 2243 2837 est,
2290 2763 2445 2838 quod
2498 2764 2629 2838 quis

353 2843 485 2905 mihi
531 2844 776 2902 fortasse
827 2843 1072 2917 objiciat,
1141 2852 1593 2925 περιποιεῖσθαι
1632 2846 1735 2904 sibi
1777 2847 2082 2921 acquirere,
2126 2842 2233 2919 τᾶς
2278 2841 2483 2924 ψυχᾶς
2504 2869 2628 2906 πε-

353 2922 766 3009 ριποιήσασθε
811 2925 1069 3003 Xenoph.
1120 2928 1325 3007 Cyrop.
1375 2928 1475 3002 lv,
1522 2934 1588 3002 4,
1644 2936 1743 3000 10,
1788 2931 1997 3007 qnippe
2046 2930 2245 3006 quibus
2289 2930 2345 2987 in
2390 2930 2629 3005 loquen-

354 3012 416 3070 di
473 3008 722 3067 formulis
766 3008 933 3067 medii
982 3010 1138 3068 verbi
1184 3012 1268 3069 vis
1315 3032 1382 3070 ac
1439 3019 1691 3090 potestas
1731 3015 1867 3071 satis
1908 3013 2055 3073 clare
2092 3019 2414 3092 appareant.
2466 3012 2627 3071 Con-

261 3140 270 3147 .
351 3093 578 3169 trariam
633 3094 690 3152 in
743 3098 960 3170 partem
1015 3101 1310 3171 peccatum
1357 3101 1444 3154 est
1504 3094 1547 3155 I.
1588 3094 1675 3171 71,
1739 3097 1831 3156 ubi
1895 3117 1999 3175 pro
2060 3104 2213 3156 recte
2274 3097 2507 3173 vulgato
2568 3099 2628 3159 τί

351 3196 544 3324 offic
587 3170 956 3320 p’woeeqn'o'em
1003 3179 1226 3238 codices
1275 3181 1336 3238 S.
1386 3185 1445 3238 et
1505 3180 1575 3237 V.
1625 3199 1923 3262 perperam
1980 3180 2041 3241 τί
2096 3198 2215 3259 σφε
2265 3174 2625 3260 ἅπαιρήσεις

350 3280 384 3322 e
517 3279 584 3319 en
615 3304 630 3323 .

374 3337 395 3356 ’
520 3344 588 3403 Π.
635 3350 738 3406 125
782 3340 1064 3425 χαμάθεν
1106 3344 1184 3403 Μ.
1241 3346 1317 3403 S.
1347 3344 1415 3404 V.
1466 3343 1543 3405 K.
1587 3345 1654 3405 F.
1708 3345 1769 3405 Ρ.
1822 3364 1874 3408 a.
1926 3364 1973 3404 c.
2026 3346 2127 3423 (cf.
2176 3345 2275 3406 lv.
2334 3347 2465 3422 172)
2511 3370 2621 3425 χα-

353 3423 557 3508 μόθεν
598 3427 728 3487 Ald.
777 3430 850 3505 b.,
897 3432 970 3488 cf.
1019 3426 1163 3487 Lob.
1213 3428 1421 3507 Phryn.
1470 3450 1529 3509 p.
1586 3434 1657 3491 94
1702 3437 1762 3490 et
1813 3428 1985 3488 Piers.
2039 3428 2215 3489 Moer.
2276 3434 2393 3490 109.
2450 3465 2522 3475 —
2580 3432 2621 3489 Ι.

353 3516 460 3571 187
494 3504 676 3573 οὐδὲν
717 3511 924 3593 ἐχρᾶτο
957 3512 1112 3588 vulg.
1149 3532 1320 3587 nunc,
1354 3514 1443 3571 alii
1479 3508 1707 3586 οὐθέν,
1737 3514 1871 3571 item
1894 3512 1987 3574 111.
2014 3516 2103 3583 63,
2130 3514 2200 3571 cf·
2234 3512 2380 3573 Lob.
2412 3513 2619 3590 Phryn.

353 3614 411 3673 p.
461 3600 558 3653 181
606 3614 692 3671 sq.
738 3630 821 3640 —
879 3597 950 3656 V.
1001 3600 1090 3667 92,
1139 3601 1175 3655 4
1231 3593 1634 3677 κατακρύπτει
1674 3616 1823 3657 nunc
1866 3597 2017 3675 vulg.
2056 3591 2339 3677 (κρύπτει
2375 3599 2473 3671 S.)
2514 3622 2622 3660 κα-

351 3674 639 3758 τακρύβει
681 3678 759 3736 Μ.
813 3678 874 3737 Ρ.
925 3680 1000 3737 Κ.
1052 3680 1116 3737 F.
1165 3698 1272 3757 pr„
1317 3680 1411 3738 nbi
1468 3700 1619 3741 nunc
1680 3675 2053 3759 κατακρύβ-η,
2114 3683 2183 3739 cf.
2229 3680 2372 3739 Lob.
2418 3679 2619 3759 Phr-yn.

253 3794 260 3798 -
352 3782 411 3841 p.
432 3765 536 3821 317
584 3768 644 3821 et
685 3759 776 3836 Aj.
819 3782 901 3821 vs.
949 3768 1096 3823 1145.
1161 3764 1240 3821 Et
1281 3765 1463 3821 forma
1515 3760 1725 3844 κρῦβω
1774 3764 1995 3842 saepius
2040 3780 2077 3821 a
2121 3764 2489 3841 grammaticis
2532 3775 2621 3826 est

353 3850 655 3924 usurpata,
717 3846 867 3904 unde
927 3846 1063 3906 alias
1122 3848 1330 3907 formas
1395 3848 1761 3920 deducerent3
1810 3848 1939 3905 vide
2002 3844 2190 3922 Etym.
2251 3849 2404 3925 Mag.
2466 3866 2510 3912 s.
2565 3869 2618 3909 v.

353 3922 685 4010 ἆκίβδηλος
725 3950 784 4008 p.
827 3934 918 4002 48,
965 3936 1030 3988 55
1069 3949 1114 3987 s.
1157 3950 1210 3987 v.
1263 3925 1650 4011 Κορύβαντες
1700 3954 1757 4011 p.
1804 3936 1928 4005 531,
1974 3934 2021 3989 7.
2070 3950 2121 3993 s.
2172 3950 2225 3988 v.
2275 3928 2623 4012 Κύρβαντες

353 4032 412 4091 p.
459 4017 582 4091 547,
628 4019 694 4073 41
749 4018 807 4071 et
861 4012 1004 4069 alibi.
1053 4042 1140 4055 --
1183 4014 1300 4071 Sed
1344 4012 1597 4093 κρύπτει
1639 4023 1697 4075 et
1742 4011 2141 4094 κατακρύπτει
2176 4018 2410 4093 saepius
2460 4019 2619 4077 etiam

355 4096 478 4153 aine
523 4098 712 4155 variet.
769 4097 923 4175 apud
973 4100 1226 4155 nostrum
1255 4096 1533 4173 ,leguntur
1577 4098 1619 4157 Ι.
1670 4104 1754 4158 12.
1802 4102 1888 4156 61.
1946 4102 2065 4158 140.
2130 4095 2231 4170 III,
2276 4105 2363 4161 36.
2409 4104 2492 4161 61.
2534 4104 2615 4161 75.

354 4180 478 4238 133·
533 4178 630 4237 IV.
680 4184 797 4239 103.
868 4178 938 4239 V.
986 4183 1036 4237 4.
1104 4176 1225 4237 VII.
1279 4186 1402 4241 226.
1986 4202 1993 4207 ·
