<?xml version="1.0" encoding="UTF-8"?>
<!DOCTYPE html PUBLIC "-//W3C//DTD XHTML 1.0 Transitional//EN"
    "http://www.w3.org/TR/xhtml1/DTD/xhtml1-transitional.dtd">
<html xmlns="http://www.w3.org/1999/xhtml" xml:lang="en" lang="en">
 <head>
  <title>
</title>
<meta http-equiv="Content-Type" content="text/html;charset=utf-8" />
  <meta name='ocr-system' content='tesseract 3.04.00' />
  <meta name='ocr-capabilities' content='ocr_page ocr_carea ocr_par ocr_line ocrx_word'/>
</head>
<body>
  <div class='ocr_page' id='page_1' title='image "./quaestionumcrit00unkngoog_0143.png"; bbox 0 0 2784 4567; ppageno 0'>
   <div class='ocr_carea' id='block_1_1' title="bbox 591 92 2410 212">
    <p class='ocr_par' dir='ltr' id='par_1_1' title="bbox 591 92 2410 212">
     <span class='ocr_line' id='line_1_1' title="bbox 591 92 2410 212; baseline 0.003 -17"><span class='ocrx_word' id='word_1_1' title='bbox 591 92 599 100; x_wconf 25' lang='grc' dir='ltr'><em>ι</em></span> <span class='ocrx_word' id='word_1_2' title='bbox 668 118 675 125; x_wconf 41' lang='grc'>’</span> <span class='ocrx_word' id='word_1_3' title='bbox 771 136 862 196; x_wconf 88' lang='lat' dir='ltr'><strong>De</strong></span> <span class='ocrx_word' id='word_1_4' title='bbox 905 136 1150 197; x_wconf 78' lang='lat' dir='ltr'><strong>dialecto</strong></span> <span class='ocrx_word' id='word_1_5' title='bbox 1192 137 1525 198; x_wconf 83' lang='lat' dir='ltr'><strong>Herodotea</strong></span> <span class='ocrx_word' id='word_1_6' title='bbox 1564 138 1661 196; x_wconf 84' lang='lat' dir='ltr'><strong>lib.</strong></span> <span class='ocrx_word' id='word_1_7' title='bbox 1704 139 1779 201; x_wconf 93' lang='grc' dir='ltr'><strong>ΙΙ.</strong></span> <span class='ocrx_word' id='word_1_8' title='bbox 1810 105 1853 159; x_wconf 35' lang='lat'><strong>&#39;-</strong></span> <span class='ocrx_word' id='word_1_9' title='bbox 1986 202 1993 212; x_wconf 63' lang='grc'><strong>,</strong></span> <span class='ocrx_word' id='word_1_10' title='bbox 2284 137 2410 201; x_wconf 70' lang='lat'><strong>129</strong></span> 
     </span>
    </p>
   </div>
   <div class='ocr_carea' id='block_1_2' title="bbox 121 267 2405 2165">
    <p class='ocr_par' dir='ltr' id='par_1_2' title="bbox 121 267 2405 2152">
     <span class='ocr_line' id='line_1_2' title="bbox 123 267 2405 387; baseline 0.001 -21"><span class='ocrx_word' id='word_1_11' title='bbox 123 267 259 387; x_wconf 79' lang='grc' dir='ltr'><strong><em>γαρ</em></strong></span> <span class='ocrx_word' id='word_1_12' title='bbox 321 301 526 367; x_wconf 64' lang='lat' dir='ltr'><strong>Midea</strong></span> <span class='ocrx_word' id='word_1_13' title='bbox 581 299 670 377; x_wconf 73' lang='grc' dir='ltr'><strong>ὼς</strong></span> <span class='ocrx_word' id='word_1_14' title='bbox 709 298 998 383; x_wconf 82' lang='grc' dir='ltr'><strong><em>πρόνοια,</em></strong></span> <span class='ocrx_word' id='word_1_15' title='bbox 1059 299 1214 382; x_wconf 73' lang='grc' dir='ltr'><strong><em>αὕτη</em></strong></span> <span class='ocrx_word' id='word_1_16' title='bbox 1271 302 1336 366; x_wconf 76' lang='grc' dir='ltr'><strong>δὲ</strong></span> <span class='ocrx_word' id='word_1_17' title='bbox 1379 301 1589 366; x_wconf 57' lang='lat' dir='ltr'><strong>Madia</strong></span> <span class='ocrx_word' id='word_1_18' title='bbox 1628 327 1713 378; x_wconf 78' lang='grc' dir='ltr'><strong>ως</strong></span> <span class='ocrx_word' id='word_1_19' title='bbox 1764 303 1975 386; x_wconf 71' lang='grc' dir='ltr'><strong><em>Τεγέα,</em></strong></span> <span class='ocrx_word' id='word_1_20' title='bbox 2036 307 2186 367; x_wconf 86' lang='lat' dir='ltr'><strong>unde</strong></span> <span class='ocrx_word' id='word_1_21' title='bbox 2248 315 2405 369; x_wconf 83' lang='lat' dir='ltr'><strong>extra</strong></span> 
     </span>
     <span class='ocr_line' id='line_1_3' title="bbox 121 387 2405 471; baseline 0.002 -23"><span class='ocrx_word' id='word_1_22' title='bbox 121 389 553 463; x_wconf 74' lang='lat' dir='ltr'><strong>dubitationem</strong></span> <span class='ocrx_word' id='word_1_23' title='bbox 592 389 844 465; x_wconf 77' lang='lat' dir='ltr'><strong>positum</strong></span> <span class='ocrx_word' id='word_1_24' title='bbox 887 404 1016 446; x_wconf 81' lang='lat' dir='ltr'><strong>esse</strong></span> <span class='ocrx_word' id='word_1_25' title='bbox 1059 387 1194 444; x_wconf 86' lang='lat' dir='ltr'><strong>mihi</strong></span> <span class='ocrx_word' id='word_1_26' title='bbox 1237 387 1480 462; x_wconf 83' lang='lat' dir='ltr'><strong>videtur,</strong></span> <span class='ocrx_word' id='word_1_27' title='bbox 1517 389 1687 446; x_wconf 86' lang='lat' dir='ltr'><strong>etiam</strong></span> <span class='ocrx_word' id='word_1_28' title='bbox 1724 393 1881 468; x_wconf 81' lang='lat' dir='ltr'><strong>apud</strong></span> <span class='ocrx_word' id='word_1_29' title='bbox 1923 391 2049 449; x_wconf 80' lang='lat' dir='ltr'><strong>illos</strong></span> <span class='ocrx_word' id='word_1_30' title='bbox 2090 394 2405 471; x_wconf 77' lang='lat' dir='ltr'>scriptores</span> 
     </span>
     <span class='ocr_line' id='line_1_4' title="bbox 137 471 2403 554; baseline 0 -19"><span class='ocrx_word' id='word_1_31' title='bbox 137 472 342 554; x_wconf 77' lang='grc' dir='ltr'><strong><em>Τεγέα</em></strong></span> <span class='ocrx_word' id='word_1_32' title='bbox 383 480 444 530; x_wconf 86' lang='lat' dir='ltr'><strong>et</strong></span> <span class='ocrx_word' id='word_1_33' title='bbox 497 471 716 552; x_wconf 80' lang='grc' dir='ltr'><strong><em>Τεγέαν</em></strong></span> <span class='ocrx_word' id='word_1_34' title='bbox 755 477 1112 547; x_wconf 72' lang='lat' dir='ltr'><strong>paroxytona</strong></span> <span class='ocrx_word' id='word_1_35' title='bbox 1151 473 1489 549; x_wconf 82' lang='lat' dir='ltr'><strong>reponenda</strong></span> <span class='ocrx_word' id='word_1_36' title='bbox 1530 490 1684 548; x_wconf 78' lang='lat' dir='ltr'><strong>esse,</strong></span> <span class='ocrx_word' id='word_1_37' title='bbox 1728 482 1793 531; x_wconf 81' lang='lat' dir='ltr'><strong>ut</strong></span> <span class='ocrx_word' id='word_1_38' title='bbox 1834 477 1985 551; x_wconf 85' lang='lat' dir='ltr'><strong>apud</strong></span> <span class='ocrx_word' id='word_1_39' title='bbox 2029 476 2251 536; x_wconf 79' lang='lat' dir='ltr'>Ionicos</span> <span class='ocrx_word' id='word_1_40' title='bbox 2302 483 2403 541; x_wconf 70' lang='lat' dir='ltr'><strong>st-</strong></span> 
     </span>
     <span class='ocr_line' id='line_1_5' title="bbox 121 555 2401 657; baseline 0.003 -43.14"><span class='ocrx_word' id='word_1_41' title='bbox 121 557 248 640; x_wconf 68' lang='grc' dir='ltr'><strong>γέη</strong></span> <span class='ocrx_word' id='word_1_42' title='bbox 309 562 369 614; x_wconf 85' lang='lat' dir='ltr'><strong>et</strong></span> <span class='ocrx_word' id='word_1_43' title='bbox 435 555 656 636; x_wconf 77' lang='grc' dir='ltr'><strong><em>Τεγέην</em></strong></span> <span class='ocrx_word' id='word_1_44' title='bbox 705 555 993 616; x_wconf 72' lang='lat' dir='ltr'><strong>scribitur.</strong></span> <span class='ocrx_word' id='word_1_45' title='bbox 1081 555 1204 614; x_wconf 87' lang='lat' dir='ltr'><strong>Sed</strong></span> <span class='ocrx_word' id='word_1_46' title='bbox 1257 555 1519 630; x_wconf 76' lang='grc' dir='ltr'><strong><em>Τιθορέα</em></strong></span> <span class='ocrx_word' id='word_1_47' title='bbox 1572 559 1731 633; x_wconf 85' lang='lat' dir='ltr'><strong>quod</strong></span> <span class='ocrx_word' id='word_1_48' title='bbox 1790 559 1875 616; x_wconf 81' lang='lat' dir='ltr'><strong>sic</strong></span> <span class='ocrx_word' id='word_1_49' title='bbox 1930 561 2203 657; x_wconf 63' lang='lat' dir='ltr'><strong>ecripttnm</strong></span> <span class='ocrx_word' id='word_1_50' title='bbox 2248 563 2401 640; x_wconf 84' lang='lat' dir='ltr'><strong>apud</strong></span> 
     </span>
     <span class='ocr_line' id='line_1_6' title="bbox 121 637 2405 716; baseline 0.002 -16"><span class='ocrx_word' id='word_1_51' title='bbox 121 647 400 700; x_wconf 85' lang='lat' dir='ltr'><strong>nostrum</strong></span> <span class='ocrx_word' id='word_1_52' title='bbox 442 639 597 697; x_wconf 87' lang='lat' dir='ltr'><strong>VIII.</strong></span> <span class='ocrx_word' id='word_1_53' title='bbox 639 644 710 698; x_wconf 88' lang='grc'><strong>32</strong></span> <span class='ocrx_word' id='word_1_54' title='bbox 757 638 881 696; x_wconf 77' lang='lat' dir='ltr'><strong>sine</strong></span> <span class='ocrx_word' id='word_1_55' title='bbox 925 637 1041 696; x_wconf 86' lang='lat' dir='ltr'><strong>ulla</strong></span> <span class='ocrx_word' id='word_1_56' title='bbox 1081 641 1357 698; x_wconf 77' lang='lat' dir='ltr'><strong>varietate</strong></span> <span class='ocrx_word' id='word_1_57' title='bbox 1400 646 1625 716; x_wconf 82' lang='lat' dir='ltr'><strong>exstat,</strong></span> <span class='ocrx_word' id='word_1_58' title='bbox 1670 660 1783 706; x_wconf 81' lang='lat' dir='ltr'><strong>non</strong></span> <span class='ocrx_word' id='word_1_59' title='bbox 1826 643 2005 700; x_wconf 73' lang='lat' dir='ltr'><strong>ausim</strong></span> <span class='ocrx_word' id='word_1_60' title='bbox 2052 650 2300 715; x_wconf 80' lang='lat' dir='ltr'><strong>mutare3</strong></span> <span class='ocrx_word' id='word_1_61' title='bbox 2342 654 2405 704; x_wconf 82' lang='lat' dir='ltr'><strong>et</strong></span> 
     </span>
     <span class='ocr_line' id='line_1_7' title="bbox 124 723 2402 806; baseline 0.001 -22"><span class='ocrx_word' id='word_1_62' title='bbox 124 726 350 784; x_wconf 87' lang='lat' dir='ltr'><strong>eodem</strong></span> <span class='ocrx_word' id='word_1_63' title='bbox 409 729 647 781; x_wconf 85' lang='lat' dir='ltr'><strong>accentu</strong></span> <span class='ocrx_word' id='word_1_64' title='bbox 697 729 960 780; x_wconf 81' lang='lat' dir='ltr'><strong>notatum</strong></span> <span class='ocrx_word' id='word_1_65' title='bbox 1007 723 1164 799; x_wconf 83' lang='lat' dir='ltr'><strong>apud</strong></span> <span class='ocrx_word' id='word_1_66' title='bbox 1213 724 1461 786; x_wconf 81' lang='lat' dir='ltr'><strong>Pausan.</strong></span> <span class='ocrx_word' id='word_1_67' title='bbox 1516 726 1647 799; x_wconf 87' lang='grc' dir='ltr'><strong>Χ,</strong></span> <span class='ocrx_word' id='word_1_68' title='bbox 1663 746 1725 802; x_wconf 83' lang='lat' dir='ltr'><strong>p.</strong></span> <span class='ocrx_word' id='word_1_69' title='bbox 1770 731 1881 792; x_wconf 86' lang='grc'><strong>672</strong></span> <span class='ocrx_word' id='word_1_70' title='bbox 1916 726 2167 804; x_wconf 83' lang='lat' dir='ltr'><strong>(Sy.llb)</strong></span> <span class='ocrx_word' id='word_1_71' title='bbox 2196 731 2402 806; x_wconf 79' lang='lat' dir='ltr'><strong>legitur</strong></span> 
     </span>
     <span class='ocr_line' id='line_1_8' title="bbox 137 805 2403 889; baseline 0 -19"><span class='ocrx_word' id='word_1_72' title='bbox 137 805 450 886; x_wconf 71' lang='grc' dir='ltr'><strong><em>Τιθορέα,</em></strong></span> <span class='ocrx_word' id='word_1_73' title='bbox 507 813 567 864; x_wconf 84' lang='lat' dir='ltr'><strong>et</strong></span> <span class='ocrx_word' id='word_1_74' title='bbox 620 807 946 886; x_wconf 75' lang='grc' dir='ltr'><strong><em>Ἠθορέας,</em></strong></span> <span class='ocrx_word' id='word_1_75' title='bbox 1015 807 1316 887; x_wconf 78' lang='grc' dir='ltr'><strong><em>Τιθορέαν</em></strong></span> <span class='ocrx_word' id='word_1_76' title='bbox 1355 809 1569 866; x_wconf 81' lang='lat' dir='ltr'><strong>ibidem</strong></span> <span class='ocrx_word' id='word_1_77' title='bbox 1626 810 1699 870; x_wconf 81' lang='lat' dir='ltr'><strong>cf.</strong></span> <span class='ocrx_word' id='word_1_78' title='bbox 1746 817 1806 868; x_wconf 87' lang='lat' dir='ltr'><strong>et</strong></span> <span class='ocrx_word' id='word_1_79' title='bbox 1850 812 2054 888; x_wconf 78' lang='lat' dir='ltr'><strong>steph.</strong></span> <span class='ocrx_word' id='word_1_80' title='bbox 2090 811 2213 889; x_wconf 82' lang='lat' dir='ltr'><strong>Byz</strong></span> <span class='ocrx_word' id='word_1_81' title='bbox 2256 835 2307 872; x_wconf 74' lang='lat' dir='ltr'><strong>s.</strong></span> <span class='ocrx_word' id='word_1_82' title='bbox 2348 833 2403 872; x_wconf 77' lang='lat' dir='ltr'><strong>v.</strong></span> 
     </span>
     <span class='ocr_line' id='line_1_9' title="bbox 137 890 2403 976; baseline 0.003 -22"><span class='ocrx_word' id='word_1_83' title='bbox 137 891 448 968; x_wconf 75' lang='grc' dir='ltr'><strong><em>Τιθοραία</em></strong></span> <span class='ocrx_word' id='word_1_84' title='bbox 501 898 562 950; x_wconf 83' lang='lat' dir='ltr'><strong>et</strong></span> <span class='ocrx_word' id='word_1_85' title='bbox 602 890 891 951; x_wconf 60' lang='lat' dir='ltr'><strong>Plutarchi</strong></span> <span class='ocrx_word' id='word_1_86' title='bbox 934 890 1150 976; x_wconf 81' lang='lat' dir='ltr'><strong>Syllam</strong></span> <span class='ocrx_word' id='word_1_87' title='bbox 1203 912 1262 969; x_wconf 86' lang='grc' dir='ltr'><strong>Ρ.</strong></span> <span class='ocrx_word' id='word_1_88' title='bbox 1275 897 1450 968; x_wconf 87' lang='grc'><strong>461,</strong></span> <span class='ocrx_word' id='word_1_89' title='bbox 1503 892 1598 950; x_wconf 85' lang='lat' dir='ltr'><strong>ubi</strong></span> <span class='ocrx_word' id='word_1_90' title='bbox 1635 894 1863 972; x_wconf 86' lang='lat' dir='ltr'><strong>quidem</strong></span> <span class='ocrx_word' id='word_1_91' title='bbox 1904 896 2079 970; x_wconf 85' lang='lat' dir='ltr'><strong>vulgo</strong></span> <span class='ocrx_word' id='word_1_92' title='bbox 2132 894 2403 975; x_wconf 78' lang='grc' dir='ltr'><strong><em>Τιθόραν</em></strong></span> 
     </span>
     <span class='ocr_line' id='line_1_10' title="bbox 125 965 2403 1064; baseline 0.002 -28"><span class='ocrx_word' id='word_1_93' title='bbox 125 976 422 1048; x_wconf 77' lang='lat' dir='ltr'><strong>scribitur,</strong></span> <span class='ocrx_word' id='word_1_94' title='bbox 464 977 569 1034; x_wconf 77' lang='lat' dir='ltr'><strong>sed</strong></span> <span class='ocrx_word' id='word_1_95' title='bbox 609 981 771 1064; x_wconf 69' lang='lat' dir='ltr'><strong>patet</strong></span> <span class='ocrx_word' id='word_1_96' title='bbox 809 965 1108 1056; x_wconf 69' lang='grc' dir='ltr'><strong><em>Τιθορέαν</em></strong></span> <span class='ocrx_word' id='word_1_97' title='bbox 1145 979 1539 1053; x_wconf 85' lang='lat' dir='ltr'><strong>reponendum</strong></span> <span class='ocrx_word' id='word_1_98' title='bbox 1580 995 1728 1038; x_wconf 74' lang='lat' dir='ltr'><strong>esse.</strong></span> <span class='ocrx_word' id='word_1_99' title='bbox 1816 980 1946 1038; x_wconf 89' lang='lat' dir='ltr'><strong>Nec</strong></span> <span class='ocrx_word' id='word_1_100' title='bbox 1986 979 2173 1038; x_wconf 78' lang='lat' dir='ltr'><strong>minus</strong></span> <span class='ocrx_word' id='word_1_101' title='bbox 2214 988 2403 1048; x_wconf 82' lang='lat' dir='ltr'><strong>autem</strong></span> 
     </span>
     <span class='ocr_line' id='line_1_11' title="bbox 123 1061 2399 1141; baseline 0.002 -22"><span class='ocrx_word' id='word_1_102' title='bbox 123 1067 334 1120; x_wconf 82' lang='lat' dir='ltr'><strong>notum</strong></span> <span class='ocrx_word' id='word_1_103' title='bbox 383 1066 509 1133; x_wconf 79' lang='lat' dir='ltr'><strong>est,</strong></span> <span class='ocrx_word' id='word_1_104' title='bbox 566 1079 635 1119; x_wconf 83' lang='lat' dir='ltr'><strong>ex</strong></span> <span class='ocrx_word' id='word_1_105' title='bbox 687 1061 798 1118; x_wconf 81' lang='lat' dir='ltr'><strong>isto</strong></span> <span class='ocrx_word' id='word_1_106' title='bbox 853 1065 1170 1138; x_wconf 82' lang='lat' dir='ltr'><strong>praecepto</strong></span> <span class='ocrx_word' id='word_1_107' title='bbox 1227 1062 1392 1137; x_wconf 88' lang='lat' dir='ltr'><strong>plura</strong></span> <span class='ocrx_word' id='word_1_108' title='bbox 1444 1080 1575 1119; x_wconf 74' lang='lat' dir='ltr'><strong>ense</strong></span> <span class='ocrx_word' id='word_1_109' title='bbox 1630 1063 1961 1137; x_wconf 82' lang='lat' dir='ltr'><strong>eximenda,</strong></span> <span class='ocrx_word' id='word_1_110' title='bbox 2026 1083 2175 1141; x_wconf 81' lang='lat' dir='ltr'><strong>quae</strong></span> <span class='ocrx_word' id='word_1_111' title='bbox 2229 1067 2399 1124; x_wconf 80' lang='lat' dir='ltr'><strong>etiam</strong></span> 
     </span>
     <span class='ocr_line' id='line_1_12' title="bbox 123 1144 2401 1222; baseline 0.004 -18"><span class='ocrx_word' id='word_1_112' title='bbox 123 1145 290 1222; x_wconf 77' lang='lat' dir='ltr'><strong>apud</strong></span> <span class='ocrx_word' id='word_1_113' title='bbox 333 1149 592 1204; x_wconf 85' lang='lat' dir='ltr'><strong>nostrum</strong></span> <span class='ocrx_word' id='word_1_114' title='bbox 632 1145 692 1201; x_wconf 89' lang='lat' dir='ltr'><strong>in</strong></span> <span class='ocrx_word' id='word_1_115' title='bbox 738 1171 778 1206; x_wconf 88' lang='grc' dir='ltr'><strong>α</strong></span> <span class='ocrx_word' id='word_1_116' title='bbox 823 1145 994 1204; x_wconf 85' lang='lat' dir='ltr'><strong>breve</strong></span> <span class='ocrx_word' id='word_1_117' title='bbox 1041 1150 1269 1212; x_wconf 76' lang='lat' dir='ltr'><strong>exeunt.</strong></span> <span class='ocrx_word' id='word_1_118' title='bbox 1357 1144 1624 1204; x_wconf 81' lang='lat' dir='ltr'>Omnium</span> <span class='ocrx_word' id='word_1_119' title='bbox 1670 1147 1817 1204; x_wconf 87' lang='lat' dir='ltr'><strong>euim</strong></span> <span class='ocrx_word' id='word_1_120' title='bbox 1860 1149 2148 1206; x_wconf 81' lang='lat' dir='ltr'><strong>nominum</strong></span> <span class='ocrx_word' id='word_1_121' title='bbox 2190 1151 2245 1208; x_wconf 88' lang='lat' dir='ltr'><strong>iu</strong></span> <span class='ocrx_word' id='word_1_122' title='bbox 2290 1174 2401 1212; x_wconf 80' lang='grc' dir='ltr'><strong>νια</strong></span> 
     </span>
     <span class='ocr_line' id='line_1_13' title="bbox 126 1229 2398 1310; baseline 0.002 -23"><span class='ocrx_word' id='word_1_123' title='bbox 126 1229 494 1308; x_wconf 82' lang='lat' dir='ltr'><strong>exeuntium,</strong></span> <span class='ocrx_word' id='word_1_124' title='bbox 535 1229 646 1286; x_wconf 78' lang='lat' dir='ltr'><strong>nisi</strong></span> <span class='ocrx_word' id='word_1_125' title='bbox 689 1229 741 1286; x_wconf 79' lang='lat' dir='ltr'><strong>si</strong></span> <span class='ocrx_word' id='word_1_126' title='bbox 783 1235 1032 1304; x_wconf 81' lang='lat' dir='ltr'><strong>oxytona</strong></span> <span class='ocrx_word' id='word_1_127' title='bbox 1069 1233 1238 1302; x_wconf 82' lang='lat' dir='ltr'><strong>sunt,</strong></span> <span class='ocrx_word' id='word_1_128' title='bbox 1281 1241 1431 1304; x_wconf 84' lang='lat' dir='ltr'><strong>quae</strong></span> <span class='ocrx_word' id='word_1_129' title='bbox 1472 1236 1803 1288; x_wconf 74' lang='lat' dir='ltr'><strong>constanter</strong></span> <span class='ocrx_word' id='word_1_130' title='bbox 1842 1255 1883 1290; x_wconf 84' lang='grc' dir='ltr'><strong>α</strong></span> <span class='ocrx_word' id='word_1_131' title='bbox 1927 1231 2023 1310; x_wconf 72' lang='grc' dir='ltr'><strong>(ἦ)</strong></span> <span class='ocrx_word' id='word_1_132' title='bbox 2064 1253 2229 1291; x_wconf 86' lang='lat' dir='ltr'><strong>suum</strong></span> <span class='ocrx_word' id='word_1_133' title='bbox 2270 1233 2398 1292; x_wconf 87' lang='lat' dir='ltr'><strong>lon-</strong></span> 
     </span>
     <span class='ocr_line' id='line_1_14' title="bbox 127 1267 2395 1417; baseline 0.003 -47"><span class='ocrx_word' id='word_1_134' title='bbox 127 1331 272 1391; x_wconf 79' lang='lat' dir='ltr'><strong>gum</strong></span> <span class='ocrx_word' id='word_1_135' title='bbox 313 1318 549 1371; x_wconf 76' lang='lat' dir='ltr'><strong>serv-ant</strong></span> <span class='ocrx_word' id='word_1_136' title='bbox 588 1307 856 1394; x_wconf 54' lang='lat' dir='ltr'><strong>(eib&#39;vai,</strong></span> <span class='ocrx_word' id='word_1_137' title='bbox 897 1309 1160 1417; x_wconf 81' lang='grc' dir='ltr'><strong><em>μητρυϊή</em></strong></span> <span class='ocrx_word' id='word_1_138' title='bbox 1191 1267 1290 1372; x_wconf 79' lang='lat' dir='ltr'><strong>I’V.</strong></span> <span class='ocrx_word' id='word_1_139' title='bbox 1319 1317 1425 1372; x_wconf 83' lang='grc'><strong>154</strong></span> <span class='ocrx_word' id='word_1_140' title='bbox 1452 1319 1512 1370; x_wconf 85' lang='lat' dir='ltr'><strong>et</strong></span> <span class='ocrx_word' id='word_1_141' title='bbox 1536 1312 1697 1391; x_wconf 79' lang='lat' dir='ltr'><strong>alibi)</strong></span> <span class='ocrx_word' id='word_1_142' title='bbox 1738 1322 2003 1394; x_wconf 80' lang='lat' dir='ltr'><strong>correpta</strong></span> <span class='ocrx_word' id='word_1_143' title='bbox 2042 1323 2133 1376; x_wconf 63' lang='lat' dir='ltr'><strong>esst</strong></span> <span class='ocrx_word' id='word_1_144' title='bbox 2170 1317 2395 1388; x_wconf 80' lang='lat' dir='ltr'><strong>ultima3</strong></span> 
     </span>
     <span class='ocr_line' id='line_1_15' title="bbox 126 1390 2396 1482; baseline 0.004 -27"><span class='ocrx_word' id='word_1_145' title='bbox 126 1415 314 1474; x_wconf 85' lang='lat' dir='ltr'><strong>quare</strong></span> <span class='ocrx_word' id='word_1_146' title='bbox 335 1397 468 1455; x_wconf 80' lang='lat' dir='ltr'>Gsf.</span> <span class='ocrx_word' id='word_1_147' title='bbox 505 1399 622 1473; x_wconf 79' lang='lat' dir='ltr'><strong>alii,</strong></span> <span class='ocrx_word' id='word_1_148' title='bbox 663 1399 762 1474; x_wconf 76' lang='lat' dir='ltr'><strong>qui</strong></span> <span class='ocrx_word' id='word_1_149' title='bbox 793 1398 1042 1456; x_wconf 80' lang='lat' dir='ltr'><strong>V11.189</strong></span> <span class='ocrx_word' id='word_1_150' title='bbox 1076 1391 1355 1473; x_wconf 73' lang='grc' dir='ltr'><strong><em>Ἀττικὴν</em></strong></span> <span class='ocrx_word' id='word_1_151' title='bbox 1383 1390 1747 1478; x_wconf 72' lang='grc' dir='ltr'><strong><em>’.Ωρειθυΐην</em></strong></span> <span class='ocrx_word' id='word_1_152' title='bbox 1786 1405 1849 1458; x_wconf 85' lang='lat' dir='ltr'><strong>et</strong></span> <span class='ocrx_word' id='word_1_153' title='bbox 1890 1419 2023 1458; x_wconf 73' lang='lat' dir='ltr'><strong>mox</strong></span> <span class='ocrx_word' id='word_1_154' title='bbox 2058 1397 2173 1479; x_wconf 73' lang='grc' dir='ltr'><strong>τὴν</strong></span> <span class='ocrx_word' id='word_1_155' title='bbox 2204 1393 2396 1482; x_wconf 79' lang='grc' dir='ltr'><strong><em>Ὠρει-</em></strong></span> 
     </span>
     <span class='ocr_line' id='line_1_16' title="bbox 124 1481 2394 1560; baseline 0 -17"><span class='ocrx_word' id='word_1_156' title='bbox 124 1482 331 1558; x_wconf 69' lang='grc' dir='ltr'><strong><em>θυίην</em></strong></span> <span class='ocrx_word' id='word_1_157' title='bbox 371 1491 733 1559; x_wconf 76' lang='lat' dir='ltr'><strong>receperunt,</strong></span> <span class='ocrx_word' id='word_1_158' title='bbox 785 1483 958 1559; x_wconf 85' lang='lat' dir='ltr'><strong>longe</strong></span> <span class='ocrx_word' id='word_1_159' title='bbox 993 1501 1028 1540; x_wconf 83' lang='lat' dir='ltr'><strong>a</strong></span> <span class='ocrx_word' id='word_1_160' title='bbox 1077 1503 1215 1541; x_wconf 84' lang='lat' dir='ltr'><strong>vero</strong></span> <span class='ocrx_word' id='word_1_161' title='bbox 1259 1481 1641 1559; x_wconf 80' lang='lat' dir='ltr'><strong>aberrarunt,</strong></span> <span class='ocrx_word' id='word_1_162' title='bbox 1706 1503 1879 1560; x_wconf 87' lang='lat' dir='ltr'><strong>quum</strong></span> <span class='ocrx_word' id='word_1_163' title='bbox 1928 1485 2123 1560; x_wconf 88' lang='lat' dir='ltr'><strong>priore</strong></span> <span class='ocrx_word' id='word_1_164' title='bbox 2164 1486 2223 1543; x_wconf 86' lang='lat' dir='ltr'><strong>iu</strong></span> <span class='ocrx_word' id='word_1_165' title='bbox 2264 1485 2394 1544; x_wconf 87' lang='lat' dir='ltr'><strong>loco</strong></span> 
     </span>
     <span class='ocr_line' id='line_1_17' title="bbox 125 1559 2395 1646; baseline 0.001 -21"><span class='ocrx_word' id='word_1_166' title='bbox 125 1567 306 1625; x_wconf 86' lang='lat' dir='ltr'><strong>codd.</strong></span> <span class='ocrx_word' id='word_1_167' title='bbox 346 1567 408 1628; x_wconf 88' lang='lat' dir='ltr'><strong>S.</strong></span> <span class='ocrx_word' id='word_1_168' title='bbox 449 1565 518 1626; x_wconf 88' lang='lat' dir='ltr'><strong>V.</strong></span> <span class='ocrx_word' id='word_1_169' title='bbox 563 1572 624 1624; x_wconf 88' lang='lat' dir='ltr'><strong>et</strong></span> <span class='ocrx_word' id='word_1_170' title='bbox 657 1568 978 1643; x_wconf 79' lang='lat' dir='ltr'><strong>posteriore</strong></span> <span class='ocrx_word' id='word_1_171' title='bbox 1021 1567 1154 1629; x_wconf 87' lang='lat' dir='ltr'><strong>cod.</strong></span> <span class='ocrx_word' id='word_1_172' title='bbox 1181 1567 1245 1625; x_wconf 91' lang='lat' dir='ltr'><strong>S.</strong></span> <span class='ocrx_word' id='word_1_173' title='bbox 1286 1559 1657 1646; x_wconf 75' lang='grc' dir='ltr'><strong><em>Ὠρείθυιαν</em></strong></span> <span class='ocrx_word' id='word_1_174' title='bbox 1697 1567 2089 1644; x_wconf 83' lang='lat' dir='ltr'><strong>praebuerint,</strong></span> <span class='ocrx_word' id='word_1_175' title='bbox 2124 1577 2189 1627; x_wconf 86' lang='lat' dir='ltr'><strong>ut</strong></span> <span class='ocrx_word' id='word_1_176' title='bbox 2232 1571 2395 1628; x_wconf 80' lang='lat' dir='ltr'><strong>unice</strong></span> 
     </span>
     <span class='ocr_line' id='line_1_18' title="bbox 123 1649 2395 1738; baseline 0.004 -32"><span class='ocrx_word' id='word_1_177' title='bbox 123 1669 326 1708; x_wconf 82' lang='lat' dir='ltr'><strong>verum</strong></span> <span class='ocrx_word' id='word_1_178' title='bbox 367 1669 401 1706; x_wconf 83' lang='lat' dir='ltr'><strong>a</strong></span> <span class='ocrx_word' id='word_1_179' title='bbox 444 1649 712 1707; x_wconf 83' lang='lat' dir='ltr'><strong>Bekkero</strong></span> <span class='ocrx_word' id='word_1_180' title='bbox 755 1651 992 1738; x_wconf 74' lang='lat' dir='ltr'><strong>aliisque</strong></span> <span class='ocrx_word' id='word_1_181' title='bbox 1033 1653 1369 1728; x_wconf 79' lang='lat' dir='ltr'><strong>repositum.</strong></span> <span class='ocrx_word' id='word_1_182' title='bbox 1458 1649 1658 1727; x_wconf 79' lang='lat' dir='ltr'><strong>Aeque</strong></span> <span class='ocrx_word' id='word_1_183' title='bbox 1698 1669 2033 1734; x_wconf 76' lang='lat' dir='ltr'><strong>perversum</strong></span> <span class='ocrx_word' id='word_1_184' title='bbox 2066 1659 2191 1711; x_wconf 83' lang='lat' dir='ltr'><strong>erat</strong></span> <span class='ocrx_word' id='word_1_185' title='bbox 2232 1654 2395 1714; x_wconf 76' lang='grc' dir='ltr'><em>εἰδυ-</em></span> 
     </span>
     <span class='ocr_line' id='line_1_19' title="bbox 127 1725 2392 1812; baseline -0 -17"><span class='ocrx_word' id='word_1_186' title='bbox 127 1737 240 1812; x_wconf 80' lang='grc' dir='ltr'><strong>ΐην</strong></span> <span class='ocrx_word' id='word_1_187' title='bbox 290 1735 388 1792; x_wconf 90' lang='lat' dir='ltr'><strong>Vl.</strong></span> <span class='ocrx_word' id='word_1_188' title='bbox 432 1741 500 1792; x_wconf 98' lang='grc'><strong>52</strong></span> <span class='ocrx_word' id='word_1_189' title='bbox 547 1725 912 1810; x_wconf 79' lang='lat' dir='ltr'><strong>Wesseliugii</strong></span> <span class='ocrx_word' id='word_1_190' title='bbox 963 1735 1347 1811; x_wconf 81' lang='lat' dir='ltr'><strong>aliorumque3</strong></span> <span class='ocrx_word' id='word_1_191' title='bbox 1400 1752 1511 1811; x_wconf 85' lang='lat' dir='ltr'><strong>pro</strong></span> <span class='ocrx_word' id='word_1_192' title='bbox 1568 1753 1685 1810; x_wconf 88' lang='lat' dir='ltr'><strong>quo</strong></span> <span class='ocrx_word' id='word_1_193' title='bbox 1734 1753 1887 1793; x_wconf 84' lang='lat' dir='ltr'><strong>nunc</strong></span> <span class='ocrx_word' id='word_1_194' title='bbox 1944 1741 2099 1794; x_wconf 86' lang='lat' dir='ltr'><strong>recte</strong></span> <span class='ocrx_word' id='word_1_195' title='bbox 2140 1753 2175 1793; x_wconf 89' lang='lat' dir='ltr'><strong>e</strong></span> <span class='ocrx_word' id='word_1_196' title='bbox 2220 1735 2392 1794; x_wconf 88' lang='lat' dir='ltr'><strong>codd.</strong></span> 
     </span>
     <span class='ocr_line' id='line_1_20' title="bbox 125 1818 1310 1895; baseline 0 -19"><span class='ocrx_word' id='word_1_197' title='bbox 125 1821 197 1880; x_wconf 90' lang='lat' dir='ltr'><strong>S.</strong></span> <span class='ocrx_word' id='word_1_198' title='bbox 247 1818 317 1877; x_wconf 88' lang='lat' dir='ltr'><strong>V.</strong></span> <span class='ocrx_word' id='word_1_199' title='bbox 356 1818 422 1880; x_wconf 91' lang='lat' dir='ltr'><strong>P.</strong></span> <span class='ocrx_word' id='word_1_200' title='bbox 467 1818 546 1876; x_wconf 85' lang='lat' dir='ltr'><strong>K.</strong></span> <span class='ocrx_word' id='word_1_201' title='bbox 589 1819 824 1882; x_wconf 76' lang='grc' dir='ltr'><strong><em>εἰδυῖαν</em></strong></span> <span class='ocrx_word' id='word_1_202' title='bbox 863 1819 1154 1895; x_wconf 65' lang='lat' dir='ltr'><strong>vulgatum</strong></span> <span class='ocrx_word' id='word_1_203' title='bbox 1199 1825 1310 1881; x_wconf 75' lang='lat' dir='ltr'><strong>est.</strong></span> 
     </span>
     <span class='ocr_line' id='line_1_21' title="bbox 298 1900 2391 1980; baseline 0.001 -21"><span class='ocrx_word' id='word_1_204' title='bbox 298 1901 606 1962; x_wconf 80' lang='lat' dir='ltr'><strong>Praeterea</strong></span> <span class='ocrx_word' id='word_1_205' title='bbox 645 1904 876 1961; x_wconf 70' lang='lat' dir='ltr'><strong>nomina</strong></span> <span class='ocrx_word' id='word_1_206' title='bbox 918 1902 1193 1978; x_wconf 75' lang='lat' dir='ltr'><strong>disyllaba</strong></span> <span class='ocrx_word' id='word_1_207' title='bbox 1235 1904 1292 1960; x_wconf 87' lang='lat' dir='ltr'><strong>in</strong></span> <span class='ocrx_word' id='word_1_208' title='bbox 1319 1923 1427 1963; x_wconf 86' lang='grc' dir='ltr'><strong>αια</strong></span> <span class='ocrx_word' id='word_1_209' title='bbox 1464 1901 1725 1961; x_wconf 74' lang='lat' dir='ltr'>exeuntia</span> <span class='ocrx_word' id='word_1_210' title='bbox 1752 1900 1923 1960; x_wconf 79' lang='lat' dir='ltr'><strong>etiam</strong></span> <span class='ocrx_word' id='word_1_211' title='bbox 1950 1903 2104 1980; x_wconf 85' lang='lat' dir='ltr'><strong>apud</strong></span> <span class='ocrx_word' id='word_1_212' title='bbox 2134 1907 2391 1962; x_wconf 83' lang='lat' dir='ltr'><strong>nostrum</strong></span> 
     </span>
     <span class='ocr_line' id='line_1_22' title="bbox 125 1979 2389 2067; baseline 0.001 -24"><span class='ocrx_word' id='word_1_213' title='bbox 125 2009 170 2043; x_wconf 86' lang='grc' dir='ltr'><strong>α</strong></span> <span class='ocrx_word' id='word_1_214' title='bbox 210 1993 534 2063; x_wconf 86' lang='lat' dir='ltr'><strong>correptum</strong></span> <span class='ocrx_word' id='word_1_215' title='bbox 577 1996 840 2047; x_wconf 76' lang='lat' dir='ltr'><strong>servant.</strong></span> <span class='ocrx_word' id='word_1_216' title='bbox 884 1983 1047 2049; x_wconf 82' lang='grc' dir='ltr'><strong><em>Αἶαν</em></strong></span> <span class='ocrx_word' id='word_1_217' title='bbox 1091 1988 1135 2047; x_wconf 91' lang='grc' dir='ltr'><strong>Ι.</strong></span> <span class='ocrx_word' id='word_1_218' title='bbox 1176 1995 1232 2047; x_wconf 90' lang='grc'><strong>2.</strong></span> <span class='ocrx_word' id='word_1_219' title='bbox 1273 1987 1395 2048; x_wconf 84' lang='lat' dir='ltr'><strong>VII.</strong></span> <span class='ocrx_word' id='word_1_220' title='bbox 1438 1989 1564 2045; x_wconf 86' lang='grc'><strong>193.</strong></span> <span class='ocrx_word' id='word_1_221' title='bbox 1628 1979 2007 2067; x_wconf 76' lang='grc' dir='ltr'><strong><em>μεσόγαιαΙ.</em></strong></span> <span class='ocrx_word' id='word_1_222' title='bbox 2050 1991 2171 2045; x_wconf 88' lang='grc'><strong>175.</strong></span> <span class='ocrx_word' id='word_1_223' title='bbox 2212 1985 2287 2046; x_wconf 90' lang='lat' dir='ltr'><strong>II.</strong></span> <span class='ocrx_word' id='word_1_224' title='bbox 2334 1991 2389 2047; x_wconf 89' lang='grc'><strong>9.</strong></span> 
     </span>
     <span class='ocr_line' id='line_1_23' title="bbox 122 2069 2391 2165; baseline 0 -35"><span class='ocrx_word' id='word_1_225' title='bbox 122 2079 214 2150; x_wconf 89' lang='grc'><strong>15.</strong></span> <span class='ocrx_word' id='word_1_226' title='bbox 259 2070 356 2129; x_wconf 88' lang='grc' dir='ltr'><strong>ΙΧ.</strong></span> <span class='ocrx_word' id='word_1_227' title='bbox 393 2075 466 2130; x_wconf 89' lang='grc'><strong>89</strong></span> <span class='ocrx_word' id='word_1_228' title='bbox 507 2081 564 2130; x_wconf 90' lang='lat' dir='ltr'><strong>et</strong></span> <span class='ocrx_word' id='word_1_229' title='bbox 612 2071 765 2148; x_wconf 78' lang='lat' dir='ltr'><strong>alibi,</strong></span> <span class='ocrx_word' id='word_1_230' title='bbox 809 2073 938 2130; x_wconf 88' lang='lat' dir='ltr'><strong>vide</strong></span> <span class='ocrx_word' id='word_1_231' title='bbox 983 2073 1130 2130; x_wconf 75' lang='lat' dir='ltr'><strong>infra</strong></span> <span class='ocrx_word' id='word_1_232' title='bbox 1166 2093 1224 2152; x_wconf 95' lang='grc' dir='ltr'><strong>Ρ.</strong></span> <span class='ocrx_word' id='word_1_233' title='bbox 1265 2076 1390 2132; x_wconf 88' lang='grc'><strong>139.</strong></span> <span class='ocrx_word' id='word_1_234' title='bbox 1478 2069 1553 2129; x_wconf 88' lang='lat' dir='ltr'><strong>Et</strong></span> <span class='ocrx_word' id='word_1_235' title='bbox 1476 2071 1881 2165; x_wconf 76' lang='lat' dir='ltr'><strong>—trisyllaba</strong></span> <span class='ocrx_word' id='word_1_236' title='bbox 1922 2076 1983 2127; x_wconf 90' lang='lat' dir='ltr'><strong>et</strong></span> <span class='ocrx_word' id='word_1_237' title='bbox 2020 2088 2089 2128; x_wconf 83' lang='lat' dir='ltr'><strong>ex</strong></span> <span class='ocrx_word' id='word_1_238' title='bbox 2128 2070 2391 2147; x_wconf 72' lang='lat' dir='ltr'><strong>pluribus</strong></span> 
     </span>
    </p>
   </div>
   <div class='ocr_carea' id='block_1_3' title="bbox 1680 2156 1754 2165">
    <p class='ocr_par' dir='ltr' id='par_1_3' title="bbox 1680 2156 1754 2165">
     <span class='ocr_line' id='line_1_24' title="bbox 1680 2156 1754 2165; baseline -0.027 0"><span class='ocrx_word' id='word_1_239' title='bbox 1680 2156 1754 2165; x_wconf 63' lang='grc'><strong>.-</strong></span> 
     </span>
    </p>
   </div>
   <div class='ocr_carea' id='block_1_4' title="bbox 115 2154 2387 2569">
    <p class='ocr_par' dir='ltr' id='par_1_4' title="bbox 115 2154 2387 2569">
     <span class='ocr_line' id='line_1_25' title="bbox 119 2154 2385 2236; baseline -0 -22"><span class='ocrx_word' id='word_1_240' title='bbox 119 2157 451 2214; x_wconf 76' lang='lat' dir='ltr'><strong>constantia-</strong></span> <span class='ocrx_word' id='word_1_241' title='bbox 501 2156 732 2232; x_wconf 77' lang='lat' dir='ltr'><strong>syllabis</strong></span> <span class='ocrx_word' id='word_1_242' title='bbox 791 2157 1022 2216; x_wconf 85' lang='lat' dir='ltr'><strong>uomina</strong></span> <span class='ocrx_word' id='word_1_243' title='bbox 1071 2158 1308 2236; x_wconf 82' lang='lat' dir='ltr'><strong>propria</strong></span> <span class='ocrx_word' id='word_1_244' title='bbox 1360 2158 1447 2214; x_wconf 90' lang='lat' dir='ltr'><strong>in</strong></span> <span class='ocrx_word' id='word_1_245' title='bbox 1476 2154 1615 2225; x_wconf 68' lang='grc' dir='ltr'><strong><em>αι’-ἶ,</em></strong></span> <span class='ocrx_word' id='word_1_246' title='bbox 1672 2175 1767 2219; x_wconf 82' lang='grc' dir='ltr'><strong>εια</strong></span> <span class='ocrx_word' id='word_1_247' title='bbox 1817 2161 1877 2210; x_wconf 87' lang='lat' dir='ltr'><strong>et</strong></span> <span class='ocrx_word' id='word_1_248' title='bbox 1932 2176 2034 2214; x_wconf 88' lang='grc' dir='ltr'><strong>οια</strong></span> <span class='ocrx_word' id='word_1_249' title='bbox 2092 2156 2385 2214; x_wconf 77' lang='lat' dir='ltr'><strong>exeuntia.</strong></span> 
     </span>
     <span class='ocr_line' id='line_1_26' title="bbox 123 2232 2387 2321; baseline -0.003 -19"><span class='ocrx_word' id='word_1_250' title='bbox 123 2241 361 2302; x_wconf 81' lang='grc' dir='ltr'><strong><em>Νίσαια</em></strong></span> <span class='ocrx_word' id='word_1_251' title='bbox 407 2241 576 2304; x_wconf 58' lang='grc' dir='ltr'><strong>Ι.’59.</strong></span> <span class='ocrx_word' id='word_1_252' title='bbox 613 2235 986 2321; x_wconf 75' lang='grc' dir='ltr'><strong><em>Ἀμφίκαιαν</em></strong></span> <span class='ocrx_word' id='word_1_253' title='bbox 1037 2242 1322 2306; x_wconf 81' lang='lat' dir='ltr'><strong>V111.33</strong></span> <span class='ocrx_word' id='word_1_254' title='bbox 1369 2232 1409 2320; x_wconf 79' lang='grc' dir='ltr'><em>ἦ</em></span> <span class='ocrx_word' id='word_1_255' title='bbox 1444 2233 1743 2304; x_wconf 78' lang='grc' dir='ltr'><strong><em>Ἀνόπαια</em></strong></span> <span class='ocrx_word' id='word_1_256' title='bbox 1787 2236 1912 2296; x_wconf 87' lang='lat' dir='ltr'><strong>VII.</strong></span> <span class='ocrx_word' id='word_1_257' title='bbox 1954 2243 2060 2298; x_wconf 89' lang='grc'><strong>216</strong></span> <span class='ocrx_word' id='word_1_258' title='bbox 2100 2238 2213 2298; x_wconf 82' lang='lat' dir='ltr'><strong>bis.</strong></span> <span class='ocrx_word' id='word_1_259' title='bbox 2270 2240 2387 2300; x_wconf 83' lang='grc' dir='ltr'><strong>Δί-</strong></span> 
     </span>
     <span class='ocr_line' id='line_1_27' title="bbox 117 2321 2385 2402; baseline -0.003 -16"><span class='ocrx_word' id='word_1_260' title='bbox 117 2347 312 2388; x_wconf 74' lang='grc' dir='ltr'><strong><em>καιαν</em></strong></span> <span class='ocrx_word' id='word_1_261' title='bbox 353 2325 474 2382; x_wconf 84' lang='lat' dir='ltr'><strong>Vll.</strong></span> <span class='ocrx_word' id='word_1_262' title='bbox 521 2329 626 2383; x_wconf 85' lang='lat'><strong>109</strong></span> <span class='ocrx_word' id='word_1_263' title='bbox 659 2326 742 2384; x_wconf 86' lang='lat' dir='ltr'><strong>bis</strong></span> <span class='ocrx_word' id='word_1_264' title='bbox 787 2327 951 2402; x_wconf 87' lang='lat' dir='ltr'><strong>(olim</strong></span> <span class='ocrx_word' id='word_1_265' title='bbox 991 2327 1138 2386; x_wconf 75' lang='lat' dir='ltr'><strong>male</strong></span> <span class='ocrx_word' id='word_1_266' title='bbox 1179 2326 1332 2402; x_wconf 79' lang='lat' dir='ltr'><strong>vulg.</strong></span> <span class='ocrx_word' id='word_1_267' title='bbox 1379 2327 1663 2394; x_wconf 81' lang='grc' dir='ltr'><strong><em>Δικαίαν,</em></strong></span> <span class='ocrx_word' id='word_1_268' title='bbox 1704 2321 1807 2381; x_wconf 85' lang='lat' dir='ltr'><strong>sed</strong></span> <span class='ocrx_word' id='word_1_269' title='bbox 1849 2323 1979 2380; x_wconf 84' lang='lat' dir='ltr'><strong>vide</strong></span> <span class='ocrx_word' id='word_1_270' title='bbox 2014 2323 2217 2399; x_wconf 74' lang='lat' dir='ltr'><strong>steph</strong></span> <span class='ocrx_word' id='word_1_271' title='bbox 2244 2323 2385 2398; x_wconf 77' lang='lat' dir='ltr'><strong>Byz.</strong></span> 
     </span>
     <span class='ocr_line' id='line_1_28' title="bbox 117 2403 2385 2510; baseline 0 -42"><span class='ocrx_word' id='word_1_272' title='bbox 117 2429 173 2468; x_wconf 78' lang='grc' dir='ltr'><strong>ε.</strong></span> <span class='ocrx_word' id='word_1_273' title='bbox 203 2407 310 2487; x_wconf 64' lang='grc'><strong>7.).</strong></span> <span class='ocrx_word' id='word_1_274' title='bbox 377 2405 688 2469; x_wconf 78' lang='grc' dir='ltr'><strong><em>Πλάταιαν</em></strong></span> <span class='ocrx_word' id='word_1_275' title='bbox 730 2410 886 2468; x_wconf 80' lang='lat' dir='ltr'><strong>VIII.</strong></span> <span class='ocrx_word' id='word_1_276' title='bbox 923 2418 1012 2468; x_wconf 88' lang='grc'><strong>50.</strong></span> <span class='ocrx_word' id='word_1_277' title='bbox 1045 2403 1344 2510; x_wconf 61' lang='grc' dir='ltr'><strong><em>Εἷξβοιαν</em></strong></span> <span class='ocrx_word' id='word_1_278' title='bbox 1375 2408 1469 2462; x_wconf 89' lang='lat' dir='ltr'><strong>IV.</strong></span> <span class='ocrx_word' id='word_1_279' title='bbox 1512 2410 1599 2463; x_wconf 87' lang='grc'><strong>33.</strong></span> <span class='ocrx_word' id='word_1_280' title='bbox 1653 2405 1727 2460; x_wconf 87' lang='lat' dir='ltr'><strong>V.</strong></span> <span class='ocrx_word' id='word_1_281' title='bbox 1768 2408 1857 2465; x_wconf 90' lang='grc'><strong>77.</strong></span> <span class='ocrx_word' id='word_1_282' title='bbox 1899 2405 2053 2463; x_wconf 82' lang='lat' dir='ltr'><strong>vm.</strong></span> <span class='ocrx_word' id='word_1_283' title='bbox 2102 2409 2157 2463; x_wconf 91' lang='grc'><strong>7.</strong></span> <span class='ocrx_word' id='word_1_284' title='bbox 2198 2410 2385 2470; x_wconf 77' lang='lat'><strong>8-13.</strong></span> 
     </span>
     <span class='ocr_line' id='line_1_29' title="bbox 115 2487 2387 2569; baseline -0.004 -15"><span class='ocrx_word' id='word_1_285' title='bbox 115 2500 216 2554; x_wconf 86' lang='grc'><strong>14.</strong></span> <span class='ocrx_word' id='word_1_286' title='bbox 263 2493 564 2569; x_wconf 69' lang='grc' dir='ltr'><strong><em>ΙΙῙελίβοια</em></strong></span> <span class='ocrx_word' id='word_1_287' title='bbox 607 2492 736 2550; x_wconf 86' lang='lat' dir='ltr'><strong>VII.</strong></span> <span class='ocrx_word' id='word_1_288' title='bbox 785 2498 908 2558; x_wconf 83' lang='lat'><strong>188.</strong></span> <span class='ocrx_word' id='word_1_289' title='bbox 991 2495 1110 2550; x_wconf 84' lang='lat' dir='ltr'><strong>Sed</strong></span> <span class='ocrx_word' id='word_1_290' title='bbox 1161 2491 1435 2563; x_wconf 81' lang='grc' dir='ltr'><strong><em>Ιοτιαίην</em></strong></span> <span class='ocrx_word' id='word_1_291' title='bbox 1490 2487 1645 2562; x_wconf 85' lang='lat' dir='ltr'><strong>apud</strong></span> <span class='ocrx_word' id='word_1_292' title='bbox 1690 2493 1947 2546; x_wconf 71' lang='lat' dir='ltr'><strong>nostrum</strong></span> <span class='ocrx_word' id='word_1_293' title='bbox 1990 2490 2074 2545; x_wconf 73' lang='lat' dir='ltr'><strong>sic</strong></span> <span class='ocrx_word' id='word_1_294' title='bbox 2110 2489 2387 2564; x_wconf 79' lang='lat' dir='ltr'><strong>scriptum</strong></span> 
     </span>
    </p>
   </div>
   <div class='ocr_carea' id='block_1_5' title="bbox 112 2569 2484 2646">
    <p class='ocr_par' dir='ltr' id='par_1_5' title="bbox 112 2569 2484 2646">
     <span class='ocr_line' id='line_1_30' title="bbox 112 2569 2484 2646; baseline -0.003 -10"><span class='ocrx_word' id='word_1_295' title='bbox 112 2581 320 2636; x_wconf 83' lang='lat' dir='ltr'><strong>exstat</strong></span> <span class='ocrx_word' id='word_1_296' title='bbox 361 2575 486 2632; x_wconf 76' lang='lat' dir='ltr'><strong>sine</strong></span> <span class='ocrx_word' id='word_1_297' title='bbox 525 2572 660 2632; x_wconf 90' lang='lat' dir='ltr'><strong>ulla</strong></span> <span class='ocrx_word' id='word_1_298' title='bbox 679 2584 914 2634; x_wconf 83' lang='lat' dir='ltr'><strong>enotata</strong></span> <span class='ocrx_word' id='word_1_299' title='bbox 945 2577 1226 2634; x_wconf 81' lang='lat' dir='ltr'><strong>varietate</strong></span> <span class='ocrx_word' id='word_1_300' title='bbox 1270 2569 1431 2628; x_wconf 88' lang='lat' dir='ltr'><strong>VIII.</strong></span> <span class='ocrx_word' id='word_1_301' title='bbox 1458 2573 1547 2628; x_wconf 91' lang='grc'><strong>23.</strong></span> <span class='ocrx_word' id='word_1_302' title='bbox 1579 2573 1667 2626; x_wconf 93' lang='grc'><strong>24.</strong></span> <span class='ocrx_word' id='word_1_303' title='bbox 1709 2574 1797 2629; x_wconf 92' lang='grc'><strong>25.</strong></span> <span class='ocrx_word' id='word_1_304' title='bbox 1838 2574 1931 2645; x_wconf 91' lang='grc'><strong>66,</strong></span> <span class='ocrx_word' id='word_1_305' title='bbox 1974 2574 2175 2628; x_wconf 83' lang='lat' dir='ltr'><strong>contra</strong></span> <span class='ocrx_word' id='word_1_306' title='bbox 2216 2589 2387 2646; x_wconf 86' lang='lat' dir='ltr'><strong>quem</strong></span> <span class='ocrx_word' id='word_1_307' title='bbox 2476 2591 2484 2594; x_wconf 89' lang='lat'>·</span> 
     </span>
    </p>
   </div>
   <div class='ocr_carea' id='block_1_6' title="bbox 109 2650 2387 3430">
    <p class='ocr_par' dir='ltr' id='par_1_6' title="bbox 109 2650 2387 3407">
     <span class='ocr_line' id='line_1_31' title="bbox 109 2650 2387 2730; baseline -0.004 -10"><span class='ocrx_word' id='word_1_308' title='bbox 109 2675 478 2720; x_wconf 86' lang='lat' dir='ltr'><strong>communem</strong></span> <span class='ocrx_word' id='word_1_309' title='bbox 535 2659 784 2716; x_wconf 84' lang='lat' dir='ltr'><strong>omnium</strong></span> <span class='ocrx_word' id='word_1_310' title='bbox 824 2659 1096 2717; x_wconf 84' lang='lat' dir='ltr'><strong>librorum</strong></span> <span class='ocrx_word' id='word_1_311' title='bbox 1137 2672 1479 2713; x_wconf 77' lang='lat' dir='ltr'><strong>consensum</strong></span> <span class='ocrx_word' id='word_1_312' title='bbox 1520 2650 1659 2711; x_wconf 80' lang='lat' dir='ltr'><strong>nihil</strong></span> <span class='ocrx_word' id='word_1_313' title='bbox 1702 2653 1891 2711; x_wconf 80' lang='lat' dir='ltr'><strong>valere</strong></span> <span class='ocrx_word' id='word_1_314' title='bbox 1928 2671 2105 2730; x_wconf 76' lang='lat' dir='ltr'><strong>posse</strong></span> <span class='ocrx_word' id='word_1_315' title='bbox 2139 2653 2387 2712; x_wconf 78' lang='lat' dir='ltr'><strong>arbitror</strong></span> 
     </span>
     <span class='ocr_line' id='line_1_32' title="bbox 109 2737 2385 2819; baseline -0.003 -16"><span class='ocrx_word' id='word_1_316' title='bbox 109 2745 361 2804; x_wconf 80' lang='lat' dir='ltr'><strong>aliorum</strong></span> <span class='ocrx_word' id='word_1_317' title='bbox 404 2743 748 2819; x_wconf 76' lang='lat' dir='ltr'><strong>scriptorum</strong></span> <span class='ocrx_word' id='word_1_318' title='bbox 805 2761 966 2800; x_wconf 79' lang='lat' dir='ltr'><strong>usum</strong></span> <span class='ocrx_word' id='word_1_319' title='bbox 983 2779 1004 2816; x_wconf 89' lang='lat'><strong>,</strong></span> <span class='ocrx_word' id='word_1_320' title='bbox 1035 2739 1405 2814; x_wconf 82' lang='lat' dir='ltr'><strong>aliorumque</strong></span> <span class='ocrx_word' id='word_1_321' title='bbox 1440 2741 1777 2815; x_wconf 79' lang='lat' dir='ltr'><strong>praecepta.</strong></span> <span class='ocrx_word' id='word_1_322' title='bbox 1860 2737 2033 2814; x_wconf 82' lang='lat' dir='ltr'><strong>Apud</strong></span> <span class='ocrx_word' id='word_1_323' title='bbox 2076 2737 2385 2798; x_wconf 82' lang='lat' dir='ltr'><strong>Homerum</strong></span> 
     </span>
     <span class='ocr_line' id='line_1_33' title="bbox 113 2814 2383 2906; baseline -0.002 -18"><span class='ocrx_word' id='word_1_324' title='bbox 113 2829 272 2888; x_wconf 86' lang='lat' dir='ltr'><strong>euim</strong></span> <span class='ocrx_word' id='word_1_325' title='bbox 311 2825 408 2906; x_wconf 89' lang='grc' dir='ltr'><strong>(ΙΙ.</strong></span> <span class='ocrx_word' id='word_1_326' title='bbox 449 2826 526 2902; x_wconf 89' lang='grc' dir='ltr'><strong>ΙΙ,</strong></span> <span class='ocrx_word' id='word_1_327' title='bbox 547 2830 703 2902; x_wconf 81' lang='grc'><strong>537),</strong></span> <span class='ocrx_word' id='word_1_328' title='bbox 745 2825 1002 2884; x_wconf 78' lang='lat' dir='ltr'><strong>similiter</strong></span> <span class='ocrx_word' id='word_1_329' title='bbox 1030 2828 1204 2898; x_wconf 87' lang='lat' dir='ltr'><strong>atque</strong></span> <span class='ocrx_word' id='word_1_330' title='bbox 1233 2823 1386 2898; x_wconf 83' lang='lat' dir='ltr'><strong>apud</strong></span> <span class='ocrx_word' id='word_1_331' title='bbox 1426 2821 1593 2896; x_wconf 71' lang='lat' dir='ltr'><strong>alios,</strong></span> <span class='ocrx_word' id='word_1_332' title='bbox 1632 2820 1804 2896; x_wconf 79' lang='lat' dir='ltr'><strong>vulgo</strong></span> <span class='ocrx_word' id='word_1_333' title='bbox 1842 2821 2053 2896; x_wconf 85' lang='lat' dir='ltr'><strong>legitur</strong></span> <span class='ocrx_word' id='word_1_334' title='bbox 2081 2814 2383 2899; x_wconf 71' lang='grc' dir='ltr'><strong><em>Ἱστίαιαν,</em></strong></span> 
     </span>
     <span class='ocr_line' id='line_1_34' title="bbox 117 2897 2383 3010; baseline -0.001 -38"><span class='ocrx_word' id='word_1_335' title='bbox 117 2913 196 2972; x_wconf 88' lang='lat' dir='ltr'><strong>cf.</strong></span> <span class='ocrx_word' id='word_1_336' title='bbox 241 2911 508 2970; x_wconf 78' lang='lat' dir='ltr'><strong>Eustath.</strong></span> <span class='ocrx_word' id='word_1_337' title='bbox 569 2911 644 2968; x_wconf 85' lang='lat' dir='ltr'><strong>ad</strong></span> <span class='ocrx_word' id='word_1_338' title='bbox 695 2911 865 2971; x_wconf 85' lang='lat' dir='ltr'><strong>Hom.</strong></span> <span class='ocrx_word' id='word_1_339' title='bbox 905 2908 974 2968; x_wconf 91' lang='lat' dir='ltr'><strong>Il.</strong></span> <span class='ocrx_word' id='word_1_340' title='bbox 1012 2898 1078 3010; x_wconf 55' lang='grc' dir='ltr'><strong>β’</strong></span> <span class='ocrx_word' id='word_1_341' title='bbox 1120 2926 1180 2983; x_wconf 87' lang='lat' dir='ltr'><strong>p.</strong></span> <span class='ocrx_word' id='word_1_342' title='bbox 1228 2910 1460 2964; x_wconf 82' lang='grc'><strong>280-</strong></span> <span class='ocrx_word' id='word_1_343' title='bbox 1371 2931 1460 2942; x_wconf 70' lang='grc'><strong>--</strong></span> <span class='ocrx_word' id='word_1_344' title='bbox 1497 2909 1605 2966; x_wconf 86' lang='grc'><strong>212</strong></span> <span class='ocrx_word' id='word_1_345' title='bbox 1642 2897 1688 2982; x_wconf 77' lang='grc' dir='ltr'><em>ἦ</em></span> <span class='ocrx_word' id='word_1_346' title='bbox 1728 2902 1795 2967; x_wconf 68' lang='grc' dir='ltr'><strong>δὲ</strong></span> <span class='ocrx_word' id='word_1_347' title='bbox 1824 2898 2069 2968; x_wconf 75' lang='grc' dir='ltr'><strong><em>Ἱστίαια</em></strong></span> <span class='ocrx_word' id='word_1_348' title='bbox 2110 2929 2383 2989; x_wconf 78' lang='grc' dir='ltr'><strong><em>προπαρ-</em></strong></span> 
     </span>
     <span class='ocr_line' id='line_1_35' title="bbox 119 2982 2383 3076; baseline -0.002 -18"><span class='ocrx_word' id='word_1_349' title='bbox 119 2989 424 3070; x_wconf 78' lang='grc' dir='ltr'><strong><em>οξυτόνως</em></strong></span> <span class='ocrx_word' id='word_1_350' title='bbox 462 2992 569 3072; x_wconf 76' lang='grc' dir='ltr'><strong><em>μὲν</em></strong></span> <span class='ocrx_word' id='word_1_351' title='bbox 611 3016 760 3054; x_wconf 74' lang='grc' dir='ltr'><strong><em>κατα</em></strong></span> <span class='ocrx_word' id='word_1_352' title='bbox 789 3014 946 3065; x_wconf 75' lang='grc' dir='ltr'><strong><em>τους</em></strong></span> <span class='ocrx_word' id='word_1_353' title='bbox 989 2988 1448 3071; x_wconf 71' lang='grc' dir='ltr'><strong><em>ακριβεστέρους</em></strong></span> <span class='ocrx_word' id='word_1_354' title='bbox 1488 2982 1981 3070; x_wconf 75' lang='grc' dir='ltr'><strong><em>αναγινόσιιεται,</em></strong></span> <span class='ocrx_word' id='word_1_355' title='bbox 2028 2983 2254 3070; x_wconf 80' lang='grc' dir='ltr'><strong><em>ὁμοίως</em></strong></span> <span class='ocrx_word' id='word_1_356' title='bbox 2296 2995 2383 3076; x_wconf 72' lang='lat' dir='ltr'><strong>wi</strong></span> 
     </span>
     <span class='ocr_line' id='line_1_36' title="bbox 120 3053 2379 3153; baseline -0.004 -11"><span class='ocrx_word' id='word_1_357' title='bbox 120 3082 354 3142; x_wconf 72' lang='grc' dir='ltr'><strong><em>Νίκαια</em></strong></span> <span class='ocrx_word' id='word_1_358' title='bbox 403 3074 690 3150; x_wconf 77' lang='grc' dir='ltr'><strong><em>Φώκαια,</em></strong></span> <span class='ocrx_word' id='word_1_359' title='bbox 755 3077 906 3134; x_wconf 87' lang='lat' dir='ltr'><strong>unde</strong></span> <span class='ocrx_word' id='word_1_360' title='bbox 967 3082 1131 3153; x_wconf 84' lang='lat' dir='ltr'><strong>patet</strong></span> <span class='ocrx_word' id='word_1_361' title='bbox 1165 3075 1515 3134; x_wconf 68' lang='lat' dir='ltr'><strong>Priscianum</strong></span> <span class='ocrx_word' id='word_1_362' title='bbox 1563 3073 1667 3152; x_wconf 87' lang='lat' dir='ltr'><strong>(de</strong></span> <span class='ocrx_word' id='word_1_363' title='bbox 1706 3076 1905 3133; x_wconf 70' lang='lat' dir='ltr'><strong>metris</strong></span> <span class='ocrx_word' id='word_1_364' title='bbox 1948 3073 2209 3134; x_wconf 83' lang='lat' dir='ltr'><strong>Terentii</strong></span> <span class='ocrx_word' id='word_1_365' title='bbox 2253 3053 2379 3134; x_wconf 89' lang='lat' dir='ltr'><strong>Vol.</strong></span> 
     </span>
     <span class='ocr_line' id='line_1_37' title="bbox 114 3157 2379 3240; baseline -0.003 -17"><span class='ocrx_word' id='word_1_366' title='bbox 114 3166 197 3238; x_wconf 89' lang='grc' dir='ltr'><strong>ΙΙ,</strong></span> <span class='ocrx_word' id='word_1_367' title='bbox 235 3185 296 3240; x_wconf 89' lang='grc' dir='ltr'><strong>Ρ.</strong></span> <span class='ocrx_word' id='word_1_368' title='bbox 331 3167 438 3221; x_wconf 86' lang='grc'><strong>404</strong></span> <span class='ocrx_word' id='word_1_369' title='bbox 475 3161 684 3239; x_wconf 86' lang='lat' dir='ltr'><strong>Krehl)</strong></span> <span class='ocrx_word' id='word_1_370' title='bbox 725 3180 838 3218; x_wconf 87' lang='lat' dir='ltr'><strong>non</strong></span> <span class='ocrx_word' id='word_1_371' title='bbox 881 3164 1142 3222; x_wconf 74' lang='lat' dir='ltr'><strong>secutum</strong></span> <span class='ocrx_word' id='word_1_372' title='bbox 1177 3177 1308 3218; x_wconf 73' lang='lat' dir='ltr'><strong>esse</strong></span> <span class='ocrx_word' id='word_1_373' title='bbox 1345 3157 1455 3216; x_wconf 81' lang='lat' dir='ltr'><strong>hos</strong></span> <span class='ocrx_word' id='word_1_374' title='bbox 1494 3158 1896 3233; x_wconf 74' lang='lat' dir='ltr'><strong>accuratiores,</strong></span> <span class='ocrx_word' id='word_1_375' title='bbox 1939 3179 2112 3236; x_wconf 89' lang='lat' dir='ltr'><strong>quum</strong></span> <span class='ocrx_word' id='word_1_376' title='bbox 2152 3179 2223 3218; x_wconf 81' lang='lat' dir='ltr'><strong>ex</strong></span> <span class='ocrx_word' id='word_1_377' title='bbox 2262 3159 2379 3218; x_wconf 79' lang='lat' dir='ltr'><strong>isto</strong></span> 
     </span>
     <span class='ocr_line' id='line_1_38' title="bbox 115 3235 2375 3322; baseline -0.003 -15"><span class='ocrx_word' id='word_1_378' title='bbox 115 3248 354 3307; x_wconf 88' lang='lat' dir='ltr'><strong>Homeri</strong></span> <span class='ocrx_word' id='word_1_379' title='bbox 391 3245 518 3302; x_wconf 93' lang='lat' dir='ltr'><strong>loco</strong></span> <span class='ocrx_word' id='word_1_380' title='bbox 554 3243 785 3322; x_wconf 81' lang='lat' dir='ltr'><strong>repetiit</strong></span> <span class='ocrx_word' id='word_1_381' title='bbox 821 3236 1277 3318; x_wconf 74' lang='grc' dir='ltr'><strong><em>πολυστᾶᾥελόν</em></strong></span> <span class='ocrx_word' id='word_1_382' title='bbox 1323 3235 1399 3302; x_wconf 79' lang='grc' dir='ltr'><strong>θ’</strong></span> <span class='ocrx_word' id='word_1_383' title='bbox 1430 3236 1732 3306; x_wconf 75' lang='grc' dir='ltr'><strong><em>Ἱστιαίαν.</em></strong></span> <span class='ocrx_word' id='word_1_384' title='bbox 1773 3273 1861 3286; x_wconf 90' lang='lat'><strong>—-</strong></span> <span class='ocrx_word' id='word_1_385' title='bbox 1900 3238 2105 3319; x_wconf 80' lang='lat' dir='ltr'><strong>Steph.</strong></span> <span class='ocrx_word' id='word_1_386' title='bbox 2144 3243 2283 3318; x_wconf 87' lang='lat' dir='ltr'><strong>Byz.</strong></span> <span class='ocrx_word' id='word_1_387' title='bbox 2326 3263 2375 3302; x_wconf 80' lang='lat' dir='ltr'><strong>s,</strong></span> 
     </span>
     <span class='ocr_line' id='line_1_39' title="bbox 114 3321 2376 3430; baseline 0 -41"><span class='ocrx_word' id='word_1_388' title='bbox 114 3352 168 3389; x_wconf 85' lang='lat' dir='ltr'><strong>v.</strong></span> <span class='ocrx_word' id='word_1_389' title='bbox 217 3329 576 3390; x_wconf 76' lang='grc' dir='ltr'><strong><em>Πλαταιαί</em></strong></span> <span class='ocrx_word' id='word_1_390' title='bbox 743 3329 897 3391; x_wconf 76' lang='grc' dir='ltr'><strong>,δεῖ</strong></span> <span class='ocrx_word' id='word_1_391' title='bbox 937 3326 1000 3390; x_wconf 79' lang='grc' dir='ltr'><strong>δὲ</strong></span> <span class='ocrx_word' id='word_1_392' title='bbox 1042 3350 1110 3389; x_wconf 81' lang='grc' dir='ltr'><strong>το</strong></span> <span class='ocrx_word' id='word_1_393' title='bbox 1151 3321 1553 3407; x_wconf 66' lang='grc' dir='ltr'><strong><em>πρωτᾶτνιιον</em></strong></span> <span class='ocrx_word' id='word_1_394' title='bbox 1596 3322 1851 3400; x_wconf 47' lang='lat' dir='ltr'><strong>‘ommim</strong></span> <span class='ocrx_word' id='word_1_395' title='bbox 1892 3321 2376 3430; x_wconf 78' lang='grc' dir='ltr'><strong><em>προπαροξύνειν</em></strong></span> 
     </span>
    </p>
   </div>
   <div class='ocr_carea' id='block_1_7' title="bbox 35 3404 2377 4165">
    <p class='ocr_par' dir='ltr' id='par_1_7' title="bbox 35 3404 2377 4078">
     <span class='ocr_line' id='line_1_40' title="bbox 119 3404 2377 3492; baseline -0.002 -15"><span class='ocrx_word' id='word_1_396' title='bbox 119 3409 469 3480; x_wconf 72' lang='grc' dir='ltr'><strong><em>Πλαταιαν,</em></strong></span> <span class='ocrx_word' id='word_1_397' title='bbox 515 3406 601 3484; x_wconf 75' lang='grc' dir='ltr'><strong>ὥς</strong></span> <span class='ocrx_word' id='word_1_398' title='bbox 629 3407 974 3492; x_wconf 83' lang='grc' dir='ltr'><strong><em>Λίμναιαν,</em></strong></span> <span class='ocrx_word' id='word_1_399' title='bbox 1010 3406 1328 3483; x_wconf 74' lang='grc' dir='ltr'><strong><em>Ἱστίαιαν,</em></strong></span> <span class='ocrx_word' id='word_1_400' title='bbox 1381 3411 1664 3471; x_wconf 78' lang='grc' dir='ltr'><strong><em>Δίκαιαν.</em></strong></span> <span class='ocrx_word' id='word_1_401' title='bbox 1708 3411 1952 3470; x_wconf 80' lang='lat' dir='ltr'><strong>eundem</strong></span> <span class='ocrx_word' id='word_1_402' title='bbox 1994 3429 2042 3468; x_wconf 80' lang='lat' dir='ltr'><strong>s.</strong></span> <span class='ocrx_word' id='word_1_403' title='bbox 2084 3430 2139 3475; x_wconf 81' lang='lat' dir='ltr'><strong>v.</strong></span> <span class='ocrx_word' id='word_1_404' title='bbox 2177 3404 2377 3475; x_wconf 72' lang='grc' dir='ltr'><strong><em>Ἑστί-</em></strong></span> 
     </span>
     <span class='ocr_line' id='line_1_41' title="bbox 111 3490 2373 3574; baseline -0.002 -14"><span class='ocrx_word' id='word_1_405' title='bbox 111 3523 218 3560; x_wconf 87' lang='grc' dir='ltr'><strong>αια</strong></span> <span class='ocrx_word' id='word_1_406' title='bbox 253 3504 316 3556; x_wconf 84' lang='lat' dir='ltr'><strong>et</strong></span> <span class='ocrx_word' id='word_1_407' title='bbox 348 3490 611 3558; x_wconf 73' lang='grc' dir='ltr'><strong><em>Ἰσιίαια.</em></strong></span> <span class='ocrx_word' id='word_1_408' title='bbox 652 3527 739 3559; x_wconf 90' lang='grc'>·-,-</span> <span class='ocrx_word' id='word_1_409' title='bbox 775 3496 964 3574; x_wconf 84' lang='lat' dir='ltr'>Popp.</span> <span class='ocrx_word' id='word_1_410' title='bbox 1001 3493 1267 3571; x_wconf 83' lang='lat' dir='ltr'><strong>Thucyd.</strong></span> <span class='ocrx_word' id='word_1_411' title='bbox 1309 3493 1358 3554; x_wconf 93' lang='lat' dir='ltr'><strong>I.</strong></span> <span class='ocrx_word' id='word_1_412' title='bbox 1401 3493 1471 3553; x_wconf 91' lang='lat' dir='ltr'><strong>P.</strong></span> <span class='ocrx_word' id='word_1_413' title='bbox 1516 3499 1551 3552; x_wconf 89' lang='grc'><strong>2</strong></span> <span class='ocrx_word' id='word_1_414' title='bbox 1589 3515 1649 3572; x_wconf 86' lang='grc' dir='ltr'><strong>Ρ.</strong></span> <span class='ocrx_word' id='word_1_415' title='bbox 1674 3499 1801 3554; x_wconf 90' lang='grc'><strong>268.</strong></span> <span class='ocrx_word' id='word_1_416' title='bbox 1842 3495 2063 3554; x_wconf 87' lang='lat' dir='ltr'><strong>Sinten.</strong></span> <span class='ocrx_word' id='word_1_417' title='bbox 2106 3496 2179 3554; x_wconf 85' lang='lat' dir='ltr'><strong>ad</strong></span> <span class='ocrx_word' id='word_1_418' title='bbox 2221 3495 2373 3555; x_wconf 78' lang='lat' dir='ltr'><strong>Plut.</strong></span> 
     </span>
     <span class='ocr_line' id='line_1_42' title="bbox 108 3577 2375 3682; baseline -0.002 -40"><span class='ocrx_word' id='word_1_419' title='bbox 108 3582 394 3642; x_wconf 85' lang='lat' dir='ltr'><strong>Themist.</strong></span> <span class='ocrx_word' id='word_1_420' title='bbox 435 3601 494 3658; x_wconf 86' lang='grc' dir='ltr'><strong>Ρ.</strong></span> <span class='ocrx_word' id='word_1_421' title='bbox 537 3585 626 3639; x_wconf 88' lang='grc'><strong>54.</strong></span> <span class='ocrx_word' id='word_1_422' title='bbox 667 3580 832 3638; x_wconf 85' lang='lat' dir='ltr'><strong>Suid.</strong></span> <span class='ocrx_word' id='word_1_423' title='bbox 873 3600 921 3640; x_wconf 78' lang='lat' dir='ltr'><strong>s.</strong></span> <span class='ocrx_word' id='word_1_424' title='bbox 968 3599 1023 3643; x_wconf 83' lang='lat' dir='ltr'><strong>v.</strong></span> <span class='ocrx_word' id='word_1_425' title='bbox 1064 3579 1239 3638; x_wconf 67' lang='lat' dir='ltr'><strong>Paua.</strong></span> <span class='ocrx_word' id='word_1_426' title='bbox 1277 3578 1403 3653; x_wconf 89' lang='lat' dir='ltr'><strong>VII,</strong></span> <span class='ocrx_word' id='word_1_427' title='bbox 1446 3597 1511 3656; x_wconf 83' lang='lat' dir='ltr'><strong>p.</strong></span> <span class='ocrx_word' id='word_1_428' title='bbox 1552 3583 1679 3654; x_wconf 86' lang='grc'><strong>404,</strong></span> <span class='ocrx_word' id='word_1_429' title='bbox 1719 3586 1789 3639; x_wconf 85' lang='grc'><strong>25</strong></span> <span class='ocrx_word' id='word_1_430' title='bbox 1822 3577 2083 3682; x_wconf 49' lang='lat' dir='ltr'><strong>(Syllbu)</strong></span> <span class='ocrx_word' id='word_1_431' title='bbox 2134 3579 2375 3658; x_wconf 84' lang='lat' dir='ltr'><strong>Apollo-</strong></span> 
     </span>
     <span class='ocr_line' id='line_1_43' title="bbox 35 3656 2373 3744; baseline -0.002 -19"><span class='ocrx_word' id='word_1_432' title='bbox 35 3697 58 3710; x_wconf 80' lang='lat'>=</span> <span class='ocrx_word' id='word_1_433' title='bbox 107 3669 236 3730; x_wconf 89' lang='lat' dir='ltr'><strong>dor.</strong></span> <span class='ocrx_word' id='word_1_434' title='bbox 283 3665 330 3741; x_wconf 93' lang='grc' dir='ltr'><strong>Ι,</strong></span> <span class='ocrx_word' id='word_1_435' title='bbox 373 3683 433 3744; x_wconf 86' lang='grc' dir='ltr'><strong>Ρ.</strong></span> <span class='ocrx_word' id='word_1_436' title='bbox 479 3669 584 3724; x_wconf 76' lang='lat'><strong>183</strong></span> <span class='ocrx_word' id='word_1_437' title='bbox 623 3664 837 3741; x_wconf 83' lang='lat' dir='ltr'><strong>(Sale),</strong></span> <span class='ocrx_word' id='word_1_438' title='bbox 879 3664 980 3722; x_wconf 88' lang='lat' dir='ltr'><strong>ubi</strong></span> <span class='ocrx_word' id='word_1_439' title='bbox 1019 3663 1270 3741; x_wconf 82' lang='lat' dir='ltr'><strong>quidem,</strong></span> <span class='ocrx_word' id='word_1_440' title='bbox 1323 3667 1388 3721; x_wconf 85' lang='lat' dir='ltr'><strong>ut</strong></span> <span class='ocrx_word' id='word_1_441' title='bbox 1426 3663 1581 3741; x_wconf 81' lang='lat' dir='ltr'><strong>apud</strong></span> <span class='ocrx_word' id='word_1_442' title='bbox 1624 3663 1790 3740; x_wconf 70' lang='lat' dir='ltr'><strong>alioS,</strong></span> <span class='ocrx_word' id='word_1_443' title='bbox 1822 3656 2133 3725; x_wconf 76' lang='grc' dir='ltr'><strong><em>Ἑστιαίαν</em></strong></span> <span class='ocrx_word' id='word_1_444' title='bbox 2173 3664 2373 3721; x_wconf 85' lang='lat' dir='ltr'><strong>scribi-</strong></span> 
     </span>
     <span class='ocr_line' id='line_1_44' title="bbox 103 3746 2371 3844; baseline -0.003 -34"><span class='ocrx_word' id='word_1_445' title='bbox 103 3759 239 3821; x_wconf 86' lang='lat' dir='ltr'><strong>tur;</strong></span> <span class='ocrx_word' id='word_1_446' title='bbox 291 3750 446 3807; x_wconf 85' lang='lat' dir='ltr'><strong>unde</strong></span> <span class='ocrx_word' id='word_1_447' title='bbox 483 3746 814 3806; x_wconf 78' lang='lat' dir='ltr'><strong>Lobeckius</strong></span> <span class='ocrx_word' id='word_1_448' title='bbox 855 3747 1172 3824; x_wconf 72' lang='lat' dir='ltr'><strong>(Paralipp.</strong></span> <span class='ocrx_word' id='word_1_449' title='bbox 1215 3767 1301 3823; x_wconf 86' lang='lat' dir='ltr'><strong>gr.</strong></span> <span class='ocrx_word' id='word_1_450' title='bbox 1339 3767 1433 3823; x_wconf 82' lang='lat' dir='ltr'><strong>gr.</strong></span> <span class='ocrx_word' id='word_1_451' title='bbox 1475 3767 1533 3844; x_wconf 87' lang='grc' dir='ltr'><strong>Ρ.</strong></span> <span class='ocrx_word' id='word_1_452' title='bbox 1575 3747 1706 3823; x_wconf 88' lang='grc'><strong>301)</strong></span> <span class='ocrx_word' id='word_1_453' title='bbox 1762 3765 1887 3805; x_wconf 86' lang='lat' dir='ltr'><strong>eam</strong></span> <span class='ocrx_word' id='word_1_454' title='bbox 1926 3748 1985 3806; x_wconf 86' lang='lat' dir='ltr'><strong>in</strong></span> <span class='ocrx_word' id='word_1_455' title='bbox 2030 3748 2371 3806; x_wconf 73' lang='lat' dir='ltr'><strong>sententiam</strong></span> 
     </span>
     <span class='ocr_line' id='line_1_45' title="bbox 102 3829 2371 3907; baseline -0.003 -15"><span class='ocrx_word' id='word_1_456' title='bbox 102 3834 411 3894; x_wconf 76' lang='lat' dir='ltr'><strong>devenisse</strong></span> <span class='ocrx_word' id='word_1_457' title='bbox 449 3833 706 3904; x_wconf 80' lang='lat' dir='ltr'><strong>videtur,</strong></span> <span class='ocrx_word' id='word_1_458' title='bbox 765 3836 827 3890; x_wconf 93' lang='lat' dir='ltr'><strong>ut</strong></span> <span class='ocrx_word' id='word_1_459' title='bbox 869 3833 1122 3904; x_wconf 88' lang='lat' dir='ltr'><strong>diceret,</strong></span> <span class='ocrx_word' id='word_1_460' title='bbox 1181 3849 1407 3907; x_wconf 80' lang='lat' dir='ltr'><strong>semper</strong></span> <span class='ocrx_word' id='word_1_461' title='bbox 1444 3832 1593 3888; x_wconf 82' lang='lat' dir='ltr'><strong>circa</strong></span> <span class='ocrx_word' id='word_1_462' title='bbox 1640 3829 1753 3888; x_wconf 87' lang='lat' dir='ltr'><strong>hoc</strong></span> <span class='ocrx_word' id='word_1_463' title='bbox 1792 3837 1852 3888; x_wconf 83' lang='lat' dir='ltr'><strong>et</strong></span> <span class='ocrx_word' id='word_1_464' title='bbox 1894 3834 2007 3891; x_wconf 80' lang='lat' dir='ltr'><strong>alia</strong></span> <span class='ocrx_word' id='word_1_465' title='bbox 2049 3832 2371 3907; x_wconf 84' lang='lat' dir='ltr'><strong>hujusmodi</strong></span> 
     </span>
     <span class='ocr_line' id='line_1_46' title="bbox 99 3913 2373 3995; baseline -0.004 -19"><span class='ocrx_word' id='word_1_466' title='bbox 99 3916 562 3995; x_wconf 76' lang='lat' dir='ltr'><strong>inexplicabilem</strong></span> <span class='ocrx_word' id='word_1_467' title='bbox 601 3916 728 3974; x_wconf 85' lang='lat' dir='ltr'><strong>sore</strong></span> <span class='ocrx_word' id='word_1_468' title='bbox 766 3933 1042 3993; x_wconf 82' lang='lat' dir='ltr'><strong>pugnam.</strong></span> <span class='ocrx_word' id='word_1_469' title='bbox 1129 3913 1317 3972; x_wconf 79' lang='lat' dir='ltr'><strong>Etiam</strong></span> <span class='ocrx_word' id='word_1_470' title='bbox 1361 3915 1613 3994; x_wconf 79' lang='grc' dir='ltr'><strong><em>Αἰγαῖαι</em></strong></span> <span class='ocrx_word' id='word_1_471' title='bbox 1668 3916 1823 3994; x_wconf 82' lang='lat' dir='ltr'><strong>apud</strong></span> <span class='ocrx_word' id='word_1_472' title='bbox 1879 3923 2133 3973; x_wconf 74' lang='lat' dir='ltr'><strong>nostrum</strong></span> <span class='ocrx_word' id='word_1_473' title='bbox 2176 3914 2223 3969; x_wconf 91' lang='grc' dir='ltr'><strong>Ι.</strong></span> <span class='ocrx_word' id='word_1_474' title='bbox 2268 3915 2373 3971; x_wconf 86' lang='grc'><strong>149</strong></span> 
     </span>
     <span class='ocr_line' id='line_1_47' title="bbox 98 3994 2365 4102; baseline -0.002 -45"><span class='ocrx_word' id='word_1_475' title='bbox 98 4002 278 4076; x_wconf 82' lang='lat' dir='ltr'><strong>vulgo</strong></span> <span class='ocrx_word' id='word_1_476' title='bbox 319 4001 568 4076; x_wconf 76' lang='lat' dir='ltr'><strong>legitur,</strong></span> <span class='ocrx_word' id='word_1_477' title='bbox 604 3999 700 4056; x_wconf 89' lang='lat' dir='ltr'><strong>ubi</strong></span> <span class='ocrx_word' id='word_1_478' title='bbox 744 4001 974 4077; x_wconf 87' lang='lat' dir='ltr'><strong>quidem</strong></span> <span class='ocrx_word' id='word_1_479' title='bbox 1012 3999 1144 4059; x_wconf 88' lang='lat' dir='ltr'><strong>cod.</strong></span> <span class='ocrx_word' id='word_1_480' title='bbox 1188 3997 1256 4058; x_wconf 88' lang='lat' dir='ltr'><strong>F.</strong></span> <span class='ocrx_word' id='word_1_481' title='bbox 1289 3999 1561 4102; x_wconf 77' lang='grc' dir='ltr'><strong><em>Αἰγαία,</em></strong></span> <span class='ocrx_word' id='word_1_482' title='bbox 1608 3999 1811 4077; x_wconf 85' lang='lat' dir='ltr'><strong>Steph.</strong></span> <span class='ocrx_word' id='word_1_483' title='bbox 1852 3999 1995 4073; x_wconf 72' lang='lat' dir='ltr'><strong>Byz.</strong></span> <span class='ocrx_word' id='word_1_484' title='bbox 2040 3994 2365 4076; x_wconf 78' lang='grc' dir='ltr'><strong>Λίγαί.-·-</strong></span> 
     </span>
    </p>

    <p class='ocr_par' dir='ltr' id='par_1_8' title="bbox 95 4078 2365 4165">
     <span class='ocr_line' id='line_1_48' title="bbox 95 4078 2365 4165; baseline -0.005 -19"><span class='ocrx_word' id='word_1_485' title='bbox 95 4088 176 4146; x_wconf 92' lang='lat' dir='ltr'><strong>Et</strong></span> <span class='ocrx_word' id='word_1_486' title='bbox 221 4085 500 4165; x_wconf 81' lang='grc' dir='ltr'><strong><em>Λεβαίην</em></strong></span> <span class='ocrx_word' id='word_1_487' title='bbox 541 4079 723 4146; x_wconf 82' lang='grc' dir='ltr'><strong><em>πόλιν</em></strong></span> <span class='ocrx_word' id='word_1_488' title='bbox 770 4083 916 4145; x_wconf 87' lang='lat' dir='ltr'><strong>VIII.</strong></span> <span class='ocrx_word' id='word_1_489' title='bbox 959 4087 1086 4143; x_wconf 84' lang='lat'><strong>137.</strong></span> <span class='ocrx_word' id='word_1_490' title='bbox 1123 4081 1188 4155; x_wconf 64' lang='grc' dir='ltr'><strong>ὃς</strong></span> <span class='ocrx_word' id='word_1_491' title='bbox 1231 4105 1342 4160; x_wconf 79' lang='grc' dir='ltr'><strong>την</strong></span> <span class='ocrx_word' id='word_1_492' title='bbox 1386 4080 1667 4162; x_wconf 82' lang='grc' dir='ltr'><strong><em>Πυλαίην</em></strong></span> <span class='ocrx_word' id='word_1_493' title='bbox 1710 4081 1835 4140; x_wconf 82' lang='lat' dir='ltr'><strong>VII.</strong></span> <span class='ocrx_word' id='word_1_494' title='bbox 1883 4087 1991 4138; x_wconf 85' lang='grc'><strong>213</strong></span> <span class='ocrx_word' id='word_1_495' title='bbox 2044 4079 2116 4134; x_wconf 84' lang='lat' dir='ltr'><strong>cf.</strong></span> <span class='ocrx_word' id='word_1_496' title='bbox 2164 4078 2365 4154; x_wconf 83' lang='lat' dir='ltr'><strong>Steph.</strong></span> 
     </span>
    </p>
   </div>
   <div class='ocr_carea' id='block_1_8' title="bbox 14 4162 2375 4299">
    <p class='ocr_par' dir='ltr' id='par_1_9' title="bbox 14 4162 2375 4299">
     <span class='ocr_line' id='line_1_49' title="bbox 14 4162 2375 4299; baseline -0.003 -71"><span class='ocrx_word' id='word_1_497' title='bbox 14 4185 16 4190; x_wconf 85' lang='grc'><strong>’</strong></span> <span class='ocrx_word' id='word_1_498' title='bbox 94 4171 238 4246; x_wconf 80' lang='lat' dir='ltr'><strong>Byz.</strong></span> <span class='ocrx_word' id='word_1_499' title='bbox 282 4189 335 4230; x_wconf 74' lang='lat' dir='ltr'><strong>s.</strong></span> <span class='ocrx_word' id='word_1_500' title='bbox 380 4188 434 4227; x_wconf 84' lang='lat' dir='ltr'><strong>v.</strong></span> <span class='ocrx_word' id='word_1_501' title='bbox 473 4163 716 4245; x_wconf 77' lang='grc' dir='ltr'><strong><em>Πυλαι,</em></strong></span> <span class='ocrx_word' id='word_1_502' title='bbox 755 4163 978 4242; x_wconf 80' lang='grc' dir='ltr'><strong><em>τόπος</em></strong></span> <span class='ocrx_word' id='word_1_503' title='bbox 977 4162 1329 4246; x_wconf 73' lang='grc' dir='ltr'><strong><em>Ἀρκαδίας,</em></strong></span> <span class='ocrx_word' id='word_1_504' title='bbox 1372 4167 1477 4229; x_wconf 74' lang='grc' dir='ltr'><strong><em>καὶ</em></strong></span> <span class='ocrx_word' id='word_1_505' title='bbox 1515 4165 1775 4229; x_wconf 80' lang='grc' dir='ltr'><strong><em>Πυλαία</em></strong></span> <span class='ocrx_word' id='word_1_506' title='bbox 1820 4163 2375 4299; x_wconf 53' lang='grc' dir='ltr'><strong><em>-ᾲΚασθαναίην</em></strong></span> 
     </span>
    </p>
   </div>
  </div>
 </body>
</html>
