2784 4567
785 138 876 199 De
920 139 1158 201 dialecto
1200 140 1533 203 Herodotea
1577 141 1673 206 lib.
1716 142 1761 199 1.
2320 144 2405 207 65

133 306 290 383 quod
331 307 586 389 prorime
633 306 934 383 sequentia
995 306 1268 381 vocabula
1323 303 1434 381 τιὶς
1480 301 1605 370 siud
1658 301 2117 389 Θερμώδοντος,
2176 310 2403 374 «luobus
2464 318 2473 325 ’

127 392 428 469 postremis
467 392 612 452 male
655 391 914 451 connexis
955 411 1024 451 ac
1065 393 1461 471 compendiose
1510 393 1765 469 scriptis,
1832 392 2179 468 negligenter
2236 415 2399 475 repe·-

127 482 398 541 terentur.
483 476 930 555 Pmepositiones
973 477 1120 537 enim
1161 479 1210 535 si
1249 477 1417 555 plene
1464 477 1807 553 integrisque
1844 478 2039 537 litteris
2066 479 2399 554 scribuntur,

126 578 300 637 saepe
341 580 374 617 a
412 559 642 619 librariis
691 582 817 619 cum
859 560 1214 623 substantivo
1245 568 1517 637 sequente
1557 580 1843 621 connexae
1876 569 2204 633 cernuntur;
2247 568 2397 625 unde

123 645 338 701 multae
357 652 516 703 -snnt
555 652 712 703 ortae
755 646 1110 716 confusiones
1157 665 1225 705 ac
1265 646 1723 723 depravationes;
1772 646 1829 703 id
1870 647 2025 721 quod
2071 653 2129 705 et
2162 648 2236 705 de
2277 648 2399 707 aliis

121 728 372 805 plurimis
415 735 624 789 temere
663 730 928 791 connexis
969 737 1290 806 temereque
1331 730 1612 790 distractis
1664 730 1945 789 vocabulis
1988 730 2155 788 valet.
2218 731 2313 791 Sic
2352 731 2397 789 l.

123 816 158 870 7
215 806 324 872 α’π’
351 806 512 888 ὅτευ,
557 808 776 875 οἷπότευ
820 816 882 871 S.
926 819 997 877 38
1040 813 1157 890 ἔφη
1216 832 1281 875 σε
1323 808 1755 893 ὀλιγοχρόνιον,
1785 814 2009 888 ἔφησεν
2036 808 2305 893 ὀλιγοχρ.
2330 814 2395 873 F.

123 897 190 955 S.
235 914 285 953 a.
332 897 402 979 b.
431 917 476 956 c.
522 898 578 957 d.
623 930 707 941 —
759 902 828 957 69
861 892 948 971 ,δι’
1005 891 1294 978 ἄγγέλων,
1337 896 1698 976 διαγγέλλων
1740 896 1801 955 S.
1851 896 1915 953 V.
1960 902 2244 957 e.-·133
2286 892 2400 961 ουίι

30 1049 45 1057 Χ
122 977 296 1040 ἇλὲσι
337 980 416 1040 Μ.
467 980 542 1039 Κ.
593 982 662 1038 F.
706 979 911 1040 Athen.
954 979 1050 1038 IV.
1096 1001 1151 1057 p.
1199 986 1316 1040 143.
1379 976 1455 1043 οὐ
1496 985 1731 1041 καλοῖσι
1780 999 1827 1039 c.
1865 987 1927 1038 et
1966 980 2155 1055 vulgo.
2180 1012 2263 1025 --
2301 984 2399 1042 13⁷

119 1062 357 1135 ου’δὲνα
400 1088 488 1125 κω
538 1063 798 1144 λέγουσι,
836 1059 1120 1128 κολύουσι
1169 1063 1237 1121 F.
1283 1095 1368 1109 -·
1420 1068 1521 1123 185
1565 1065 1631 1125 οἳ
1686 1056 1767 1123 ἂν
1832 1065 2225 1137 κομίζωνται,
2291 1060 2395 1146 ἆγ-

114 1149 489 1224 κομίζωνται
539 1150 600 1204 S.
649 1180 738 1192 -—-
783 1152 853 1207 98
890 1148 958 1209 ἓν
1003 1142 1284 1225 πόλισμα.
1318 1141 1659 1226 ἐμπόλισμα
1693 1165 1745 1205 a.
1788 1167 1835 1205 c.
1902 1148 2261 1224 similemque
2292 1168 2397 1228 per

117 1249 374 1305 errorem
414 1231 556 1309 lapsi
605 1238 736 1291 sunt
777 1231 876 1306 qui
917 1230 1013 1289 IV.
1060 1237 1162 1293 145
1211 1227 1418 1311 πυρήν
1462 1230 1666 1293 ἔκαιον
1708 1231 2043 1307 scripserunt
2074 1252 2201 1291 cum
2222 1235 2393 1292 codd.

113 1314 204 1371 M.
251 1313 314 1371 Ρ.
367 1314 441 1373 Κ.
500 1314 567 1370 F.
619 1316 672 1371 b.
709 1316 764 1375 d.
811 1334 920 1393 pro
969 1318 1092 1393 πῦρ
1144 1309 1453 1389 ἆνέκαιον,
1498 1334 1645 1391 quae
1684 1315 1959 1393 praebent
1998 1316 2167 1375 codd.
2209 1318 2270 1375 S.
2317 1318 2389 1376 V.

114 1419 170 1457 a.
220 1418 266 1455 c.
309 1395 440 1457 Ald.
505 1405 564 1457 et
601 1398 1055 1473 intelligentiores
1091 1400 1363 1472 editores3
1408 1406 1469 1459 et
1507 1399 1657 1459 vm.
1713 1403 1777 1457 19
1816 1393 2389 1479 πυρὴνᾶνακαίειν
2429 1432 2437 1442 ,

113 1481 252 1539 Ald.
298 1481 364 1540 V.
409 1488 469 1541 et
515 1479 714 1561 πυροὶς
753 1476 1126 1561 παυσάμενοι
1167 1485 1228 1543 S.
1279 1504 1384 1561 pro
1428 1488 1553 1564 πῦρ
1600 1480 1917 1545 α’νακαίειν
1970 1484 2138 1543 codd.
2184 1482 2266 1543 M.
2324 1483 2387 1544 P.

113 1564 196 1623 K.
241 1563 306 1623 F.
356 1567 418 1623 S.
466 1565 640 1626 Paris.
689 1573 750 1627 et
793 1569 920 1645 πῦρ
962 1561 1479 1647 ἀνακαυσάμενοι,
1521 1573 1587 1626 ut
1629 1586 1781 1625 nunc
1820 1568 2046 1642 quidem
2100 1576 2253 1627 reete
2310 1568 2393 1627 le·-

116 1654 354 1727 guntur.
443 1649 640 1719 Quare
675 1651 794 1727 jam
837 1652 1052 1709 dudum
1097 1670 1364 1729 perversa
1406 1652 1501 1709 ilia
1562 1650 1731 1709 codd.
1786 1656 1848 1707 et
1900 1650 2060 1710 editt.
2116 1650 2393 1725 scriptura
2511 1672 2515 1680 ·

112 1728 348 1812 πυρὴν,
370 1737 614 1795 καίουσι
662 1734 734 1793 ΙΙ.
775 1738 844 1793 39
884 1737 1155 1793 mutanda
1195 1741 1319 1795 erat
1361 1735 1419 1793 in
1464 1738 1591 1811 πῦρ
1640 1726 2047 1794 ἀνακαίουσι..
2074 1732 2164 1790 Cf.
2198 1732 2269 1791 V.
2308 1738 2391 1793 19.

112 1817 158 1881 I.
205 1824 325 1877 202.
393 1818 488 1876 IV.
531 1824 620 1879 60.
683 1817 782 1877 IV.
811 1823 936 1889 -28.,
987 1818 1152 1877 Eust.
1193 1819 1271 1875 ad
1319 1816 1395 1876 D.
1439 1816 1505 1881 Ρ.
1549 1836 1655 1875 vs.·
1680 1819 1823 1888 660..
1864 1814 2251 1899 Interppnad
2292 1817 2389 1877 Ν.

115 1909 240 1962 145.
283 1908 344 1961 et
383 1902 780 1967 Ruhnkenium
818 1902 902 1962 ad.
933 1900 1469 1979 Hymn.·Homeric.
1512 1902 1569 1959 in
1614 1900 1801 1959 Ceret.
1851 1918 1949 1959 vs.-
1971 1903 2093 1961 287.

287 1984 434 2056 Jam,
492 1992 556 2045 ut
595 1988 752 2045 vocis
796 1986 1229 2065 Θερμώδοντος
1269 1986 1665 2065 compendiose
1710 1985 1952 2062 scriptae
1995 1985 2211 2045 litterae
2242 1984 2391 2047 fina-

113 2069 203 2131 les
253 2069 488 2130 omissae
527 2078 678 2149 sunt,
721 2070 769 2127 si
817 2071 1048 2147 quidem
1093 2070 1234 2131 haec
1283 2076 1375 2129 est
1427 2090 1564 2132 vera
1622 2068 1767 2133 illius
1822 2069 1931 2127 loci
1984 2069 2389 2149 interpeetatio,

114 2155 202 2211 sic
257 2160 316 2213 et
363 2153 590 2227 aliarum
647 2175 846 2217 vocum
878 2161 1009 2214 eut
1064 2154 1232 2234 plane
1277 2154 1639 2231 negliguntur
1687 2160 1789 2216 aut
1839 2153 1985 2213 male
2039 2155 2385 2232 supplentur.

109 2239 284 2313 Haec
333 2244 418 2295 est
451 2258 622 2309 causa
661 2232 1024 2299 creberrimae
1073 2240 1411 2300 confusionis
1467 2238 1753 2300 nominum
1800 2232 2143 2317 Ἡρόδοτος,
2205 2237 2393 2317 Ἡρω-

110 2316 300 2385 διανό
305 2346 355 2400 ς,
392 2316 678 2401 Ἡρώδης,
717 2318 1082 2401 Ἡρόδωρος,
1124 2325 1198 2382 de
1247 2342 1360 2397 qua
1404 2323 1533 2381 vide
1574 2340 1743 2401 supra
1788 2338 1845 2399 p.
1880 2325 1965 2381 17.
2008 2352 2095 2365 -
2136 2320 2385 2381 Eadem·

107 2426 230 2483 que
273 2412 362 2465 est
399 2410 538 2467 ratio
589 2406 968 2467 fluctuationis
1007 2407 1050 2469 1.
1093 2412 1195 2467 141
1243 2407 1391 2467 inter
1441 2400 1913 2483 ,ἀνενειχθέντων
1956 2404 2127 2463 codd.
2182 2404 2263 2461 M.
2306 2402 2385 2467 K.

105 2492 182 2551 F.
228 2510 282 2570 e.
317 2511 378 2565 c.
425 2498 484 2551 et
523 2484 976 2569 ἇνενειχθὲντες
1015 2490 1224 2564 vulgat.
1266 2522 1356 2535 --
1406 2494 1474 2552 14
1516 2486 1617 2551 ἐπὶ
1664 2490 1780 2549 τοῦ
1826 2482 2187 2558 ἀναθέντος,
2232 2479 2387 2547 ἄνα-

105 2568 400 2654 θήματος
444 2577 503 2633 d.
560 2608 638 2619 --
683 2582 789 2636 115
828 2572 1322 2651 ἐπιτιηδεώτατος,
1371 2564 1850 2649 ἐπιτηδειότητος
1890 2570 1953 2631 S.
2000 2598 2091 2613 ·-·-·-
2132 2574 2205 2629 82
2248 2586 2389 2629 συν-

105 2660 394 2739 θέμεναι,
449 2657 778 2731 συνθέντες
825 2660 888 2719 8.
933 2688 1020 2703 --
1059 2662 1166 2717 140
1211 2654 1611 2732 ἑλκυσθῆναι,
1655 2650 1929 2737 ἑλκυσθῇ
1978 2650 2131 2728 vulg.
2168 2682 2251 2696 -
2290 2650 2388 2711 lv.

107 2750 218 2805 192
264 2738 624 2823 όμοιότατοι,
677 2740 1026 2821 όμοιότηται
1069 2740 1138 2805 Ε.
1193 2772 1282 2783 —-
1320 2738 1365 2799 Ι.
1412 2745 1513 2799 122
1558 2736 1855 2812 ἐδέξαντο,
1886 2737 2095 2812 &degant
2136 2738 2198 2795 S.
2249 2736 2291 2795 1.
2317 2742 2407 2795 53-

107 2828 424 2908 ἐχρὲωνῑιο,
469 2827 571 2889 καὶ
615 2826 820 2907 ἔχρεον
849 2828 915 2885 8.
973 2826 1036 2885 V.
1091 2822 1401 2908 (ἐχρέοντο
1452 2822 1673 2883 Schuef.
1716 2819 1929 2897 recte),
1974 2822 2047 2882 cf.
2090 2833 2152 2881 et
2207 2821 2250 2879 Ι.
2296 2825 2385 2881 66.

107 2918 198 2973 7ι.
246 2917 332 2972 7ο.
385 2917 470 2971 69.
519 2918 604 2973 62.
655 2916 742 2971 47.
797 2919 911 2971 ιιι.
962 2943 1039 2953 -
1085 2909 1126 2967 Ι.
1175 2916 1276 2969 115
1319 2902 1599 2987 ἀμείβετο
1646 2906 1723 2965 Κ.
1774 2907 1837 2969 S.
1876 2904 1943 2995 1’.
1996 2904 2065 2965 F.
2120 2905 2173 2965 b.
2219 2899 2389 2984 «ἱμεί-

108 3000 298 3078 βεται,
325 2996 495 3073 vulg„
535 2998 608 3056 cf.
650 3004 712 3057 et
759 2994 802 3059 L
845 3002 948 3057 120
990 3000 1048 3053 et
1089 2994 1232 3057 alibi.
1279 2992 1376 3052 IV.
1425 3000 1529 3059 150
1578 2994 1799 3072 χρῆμα,
1838 2984 2113 3071 χρήματα
2142 2992 2205 3049 S.
2234 2994 2389 3069 χρῆ-

141 3095 221 3131 toe

106 3174 196 3229 μα
255 3149 311 3206 d.
393 3146 460 3207 11.
496 3150 564 3207 77
607 3142 856 3209 πάντων
888 3137 1242 3226 ἀνθρώπων
1273 3144 1356 3207 Μ.
1401 3142 1464 3203 Ρ.
1508 3142 1585 3203 K.
1630 3142 1699 3203 F.
1754 3134 2000 3223 οἶνδροῗν
2050 3136 2181 3199 Ald.
2234 3158 2287 3203 a.
2337 3160 2383 3198 c.

78 3228 176 3298 ‘S.
231 3230 303 3290 V.
351 3238 407 3289 et
449 3230 608 3289 Eust.
665 3234 739 3290 ad
791 3222 864 3291 I).
907 3226 974 3289 Ρ.
1018 3249 1098 3292 vs.
1142 3234 1262 3290 262.

284 3316 676 3393 Ρειτιιυῒοηῐυι·
727 3335 892 3373 voces
942 3336 1024 3389 τε,
1071 3308 1206 3391 τήν,
1255 3315 1369 3373 τοῦ
1424 3317 1565 3387 etc.,
1622 3309 1755 3385 quia
1806 3305 2202 3387 compendiose
2263 3302 2386 3362 sola

107 3404 300 3461 littera
356 3422 387 3459 τ
439 3400 796 3477 praecedenti
855 3399 980 3457 voci
1039 3395 1417 3475 superscripta
1473 3394 1814 3452 indicantur:
1862 3390 1928 3449 .1.
1984 3395 2021 3449 3
2076 3383 2387 3454 ἀπαιτέειν

107 3509 175 3549 τε
224 3470 530 3559 ‘mevam'
557 3479 670 3559 τήν
718 3480 965 3561 Ἑλένην
1033 3482 1095 3539 s,
1169 3480 1240 3539 v,
1303 3485 1360 3551 ,et
1420 3476 1628 3537 simnia
1695 3476 1919 3553 saepius
1974 3473 2124 3533 aubi.
2166 3504 2257 3517 -
2292 3472 2386 3533 De

105 3569 446 3650 permutatis
497 3568 724 3625 vocibus
769 3560 978 3641 οὕτως,
1027 3556 1206 3637 οὗτος
1263 3569 1321 3621 et
1377 3554 1549 3623 οὗτοι
1614 3559 1995 3633 slmilibusque
2040 3556 2160 3631 jam
2212 3575 2386 3635 supra

105 3676 166 3733 p.
213 3657 283 3711 62
326 3652 589 3724 diximus3
648 3652 894 3717 similiter
934 3650 1102 3709 etiam
1154 3638 1326 3711 οὗτοι
1375 3654 1435 3705 et
1495 3637 1610 3705 οὐκ
1665 3648 1981 3723 permutata
2035 3647 2167 3701 sunt
2220 3638 2265 3701 Ῑ.
2320 3643 2387 3697 14

111 3728 290 3799 οὗτοι
335 3734 400 3803 ἐν
451 3739 536 3819 τῷ
582 3736 938 3814 Κορινθίων
983 3727 1300 3810 θησαύρφ,
1348 3730 1439 3789 alii
1493 3720 1609 3789 οὔκ
1632 3726 1699 3786 ἐν
1746 3730 1830 3807 τῷ
1862 3749 1919 3790 κ.
1954 3749 2004 3787 τ.
2040 3728 2112 3795 λ.,
2150 3726 2223 3781 ‹le
2255 3740 2385 3817 per-2

107 3818 425 3881 mutatione
459 3818 608 3877 enim
639 3820 944 3878 litterarum
964 3839 997 3875 τ
1025 3823 1085 3874 et
1119 3840 1156 3875 κ
1188 3816 1315 3873 vide
1355 3812 1707 3889 Kruegerum
1728 3808 1802 3867 ad
1843 3808 2073 3885 Dionys.
2100 3807 2384 3865 Histono-

109 3904 311 3983 graph.
355 3924 412 3981 p.
467 3907 569 3979 164
613 3911 672 3962 et
720 3900 934 3961 Herod.
984 3898 1108 3959 VH.
1134 3904 1259 3969 143,
1304 3896 1397 3953 ubi
1436 3894 1715 3971 Reiskius‘
1738 3890 1882 3956 bene
1924 3887 2147 3961 ἐόντως
2194 3904 2383 3947 emen·-

107 3990 272 4047 davit
321 4006 426 4065 pro
468 3986 638 4049 codd.
691 3988 964 4064 scriptura
1014 3979 1112 4046 ἐόν
1159 4004 1302 4053 κως.
1400 4030 1407 4037 .

281 4086 580 4146 Praeterea
637 4088 956 4165 saepissime
1013 4078 1374 4159 comparativi
1436 4084 1495 4137 et
1546 4050 1879 4153 *superlativi
1938 4064 2384 4161 confunduntur,

105 4171 379 4247 quoniam
417 4169 693 4253 simillimo
737 4167 1069 4247 compendio
1107 4166 1447 4225 indicantur:
1502 4160 1571 4221 Π.
1624 4165 1661 4217 8
1712 4154 1955 4285 {mutor}
1990 4164 2385 4224 μακροτατον,
