2784 4567
346 138 432 203 ff)
977 132 1068 195 De
1109 132 1348 194 dialecto
1391 131 1724 193 Herodotea
1764 132 1858 193 lib.
1902 134 1946 191 1.

353 328 458 383 τος
502 303 900 383 καθαρτικοῦ.
949 331 1035 345 --
1083 294 1536 379 ἐπιλεγόμενος,
1582 299 1755 375 gloss.
1813 301 1869 357 in
1922 298 1987 359 P.
2044 290 2661 377 α’ναγινωσκόμενος.

354 396 461 453 130
501 382 738 464 ξύλινοι
775 383 1076 459 κολοσσοί,
1119 378 1430 463 ἀγάλματα
1478 384 1653 458 gloss.
1698 385 1754 441 in
1797 384 1859 442 P.
1924 389 2023 443 132
2064 384 2215 461 βοῦς
2250 376 2369 457 ζωή
2390 425 2406 454 ,
2468 384 2663 441 odera

355 472 573 551 (ζῶσα)
617 470 788 548 gloss.
830 470 888 526 iu
928 468 992 527 P.
1067 472 1170 527 133
1207 463 1364 539 ὅκως
1407 464 1521 541 νΰξ
1562 470 1813 549 γίνοιτο,
1856 468 2029 542 gloss.
2074 468 2131 523 in
2173 465 2235 523 P.
2268 460 2465 525 ’ὁποτε.
2498 463 2661 540 ἐνη-

356 551 638 639 βητήρια,
681 546 1060 631 εὖωχητήρια
1100 551 1272 626 gloss.
1310 553 1364 609 in
1412 551 1474 609 P.
1534 557 1593 609 et
1644 550 1805 609 Suid.
1864 570 1909 609 s.
1966 570 2021 607 v.
2102 554 2205 619 136
2259 552 2665 629 κατονοσθῇ,

357 637 772 718 καταμέμφσιο
817 635 990 711 gloss.
1034 636 1092 692 in
1141 634 1208 695 P.
1281 641 1379 693 145
1432 631 1827 714 λογιζόμενοι,
1879 627 2293 715 ψηφιζόμενοι
2344 630 2523 707 gloss.
2596 632 2663 687 in

357 725 425 785 P.
497 728 600 785 162
651 722 756 785 καὶ
801 723 886 803 τῷ
923 714 1120 789 οὕκως
1161 712 1488 780 ἀεκούσιον
1530 717 1752 799 ἐγίνετο
1796 712 1863 777 τὸ
1909 712 2307 795 ποιεύμενον,
2350 716 2533 792 gloss.
2596 716 2661 771 in

359 808 428 870 P.
477 811 562 891 τῷ
601 800 897 885 Ἀμάσιδι.
940 836 1026 848 --
1077 795 1467 881 οἷπεματᾶϊσε,
1515 802 1691 865 schol.
1742 802 1799 859 in
1850 800 1915 861 P.
1962 795 2443 880 ἕματαιολόγησε,
2483 794 2663 873 ἐμαί-

351 914 564 973 ’ρανεν.
610 924 686 935 —-
735 880 1094 969 περιθύμως
1139 885 1344 963 ἔχοντα
1384 887 1553 962 gloss.
1608 888 1667 945 in
1700 885 1762 949 P.
1808 881 1975 945 πάνυ
2016 885 2285 967 ὀργίλως.
2346 888 2449 943 165
2496 880 2659 942 α’νέ-

363 997 552 1037 ωνται
604 966 934 1050 (ἆνέονται)
979 970 1148 1046 glos&
1182 971 1238 1029 in
1282 969 1345 1032 P.
1392 964 1679 1032 ἀνίενται.
1751 973 1854 1028 168
1895 968 2071 1031 πέντε
2120 966 2314 1048 μνέαι,
2352 966 2532 1035 schol·
2596 966 2659 1021 ἰιι

362 1059 428 1119 P.
461 1054 676 1121 ἑκατὸν
695 1053 952 1136 δραχμαὶ
979 1058 1227 1115 ποιοῦσι
1249 1059 1410 1129 μνᾶν
1436 1056 1582 1133 μίαν
1602 1086 1688 1097 -
1718 1050 2015 1134 ἑκαστέρω
2036 1046 2081 1132 ἦ
2114 1049 2184 1115 τᾶ
2212 1055 2321 1113 τοῦ
2352 1045 2653 1128 Ἀπρίεω,

363 1134 412 1225 ᾗ
449 1140 514 1199 P.
559 1160 686 1199 cum
736 1140 906 1214 gloss.
953 1132 1129 1200 ὅπου.
1195 1142 1290 1195 171
1350 1139 1595 1216 δείκηλα
1650 1136 1820 1211 gloss.
1874 1137 1931 1193 in
1981 1136 2044 1195 P.
2106 1136 2352 1207 εἴδωλα,
2384 1130 2658 1211 ’ὅμοιαί-

366 1246 530 1287 τατα.
590 1221 715 1280 vll.
772 1226 874 1281 188
907 1215 1302 1299 πρόκροσσαι,
1352 1217 1501 1298 ἄλλη
1546 1214 1637 1283 ἐπ’
1676 1216 1845 1304 ἄλλῃ.
1891 1220 2079 1279 Schol.
2133 1220 2189 1276 in
2233 1218 2295 1277 P.
2347 1236 2473 1275 cum
2518 1216 2657 1274 Eu-

369 1306 538 1366 stath.
563 1312 621 1363 et
642 1304 802 1362 Suid.
840 1323 883 1361 s.
907 1322 961 1360 v.
990 1334 1076 1345 —-
1103 1308 1175 1375 23
1197 1298 1338 1373 τούς
1365 1298 1671 1365 ἀνωτάτω.
1692 1298 2035 1372 vivait-drove
2068 1304 2123 1359 b.
2148 1304 2289 1360 inter
2316 1300 2512 1357 lineas.
2542 1300 2652 1357 lx.

369 1394 441 1451 70
464 1381 812 1459 ἆλυκτᾶζον.
839 1380 1066 1448 ‹il-vnto}
1073 1388 1208 1460 ζειν,
1233 1388 1587 1469 δυσφορεῖν,
1606 1381 1964 1465 ἀγανακτεῖν
1986 1386 2049 1443 Ρ.
2066 1404 2277 1461 margo.
2292 1384 2457 1451 Quae
2478 1384 2656 1441 scho-

369 1476 446 1534 lia
497 1478 556 1531 et
599 1472 934 1547 glossemata
977 1476 1038 1527 ut
1089 1469 1212 1527 loco
1265 1488 1368 1527 suo
1405 1492 1519 1529 non
1552 1477 1686 1529 sunt
1718 1476 1892 1541 mota,
1926 1471 2004 1526 ita
2034 1470 2303 1547 pleraque
2332 1467 2441 1525 alia
2468 1466 2653 1523 libra-

370 1559 580 1617 riorum
622 1556 830 1613 incuria
884 1560 1056 1629 atque
1097 1553 1312 1611 inscitia
1355 1574 1423 1611 ex
1462 1554 1847 1633 superscriptis
1898 1554 1985 1611 vel
2038 1552 2329 1629 adscriptis
2381 1556 2439 1609 et
2496 1568 2653 1607 mar-

371 1641 594 1718 ginibus
645 1638 830 1697 statim
879 1638 934 1695 in
968 1643 1180 1695 textum
1223 1645 1449 1713 recepta
1486 1644 1650 1708 sunt3
1709 1638 1909 1713 quibus
1964 1637 2023 1693 in
2076 1635 2209 1693 locis
2264 1654 2435 1709 quum
2474 1634 2653 1695 libra-

371 1726 487 1784 rius
527 1723 668 1781 alter
715 1722 890 1780 altero
941 1722 1120 1796 magis
1163 1740 1200 1777 a
1241 1720 1553 1779 voluntaria
1596 1722 1905 1779 mutatione
1959 1718 2063 1776 sibi
2118 1718 2469 1795 temperarit,
2523 1716 2653 1794 ple-

370 1826 606 1881 rumque
649 1806 858 1864 multae
901 1812 1030 1861 sunt
1059 1804 1356 1863 lectionum
1400 1805 1717 1879 varietates,
1760 1810 1822 1860 ut
1867 1803 2027 1861 facile
2056 1804 2178 1881 ipsa
2217 1803 2443 1876 quidem
2474 1802 2653 1859 inter-

371 1890 586 1970 polatio
629 1888 858 1961 agnosci
899 1887 1102 1963 possit,
1141 1906 1328 1961 neque
1375 1893 1561 1947 tamen
1603 1906 1818 1966 semper
1858 1887 2037 1963 primo
2088 1887 2313 1961 obtutu,
2361 1885 2500 1959 quid
2543 1904 2653 1959 ge-

369 1972 627 2046 nuinum,
697 1970 832 2043 quid
877 1969 1155 2043 glossema
1203 1968 1291 2026 vel
1333 1970 1581 2029 scholion
1624 1973 1717 2041 sit,
1773 1989 1948 2045 quum
1990 1988 2103 2027 non
2172 1968 2348 2027 solum
2410 1968 2653 2025 rariores

373 2061 476 2114 aut
531 2052 880 2111 obscuriores
921 2070 1088 2135 voces
1129 2052 1443 2111 notioribus
1489 2055 1825 2131 saepiusque
1878 2054 2157 2132 usurpatis
2212 2052 2469 2111 illustrari
2513 2050 2653 2109 soli-

372 2144 466 2197 tas
518 2152 660 2207 esse,
727 2134 828 2193 sed
888 2134 1055 2191 etiam
1117 2136 1266 2193 notis
1325 2136 1609 2195 vocabulis
1678 2138 1787 2196 alia
1843 2156 2023 2211 aeque
2091 2135 2178 2195 vel
2234 2136 2403 2193 etiam
2461 2134 2651 2193 minus

373 2223 516 2281 nota
561 2218 818 2276 substitui
861 2223 1059 2275 notum
1108 2218 1195 2275 sit.
1299 2218 1481 2277 Multa
1536 2220 1701 2295 hujus
1754 2222 1973 2296 generis
2022 2219 2275 2296 exempla
2315 2219 2373 2275 in
2428 2218 2655 2275 schedis

373 2302 514 2366 meis
555 2301 790 2361 collecta
844 2300 1056 2375 habeo,
1120 2320 1284 2376 quaes
1317 2305 1542 2377 quidem
1600 2324 1785 2380 neque
1844 2306 2029 2363 omnia
2088 2304 2197 2361 huc
2250 2302 2652 2360 transscribere

373 2388 434 2445 in
483 2385 666 2445 animo
709 2389 814 2453 est,
867 2402 1050 2460 neque
1089 2386 1419 2463 transcripta
1449 2387 1559 2445 hoc
1588 2389 1817 2446 consilio
1850 2387 2076 2466 protuli,
2118 2394 2183 2443 ut
2212 2386 2419 2461 ubique
2454 2404 2649 2443 emen-

376 2470 669 2529 dationem
710 2468 953 2544 aliquam
997 2487 1034 2527 ε.
1074 2488 1164 2527 me
1197 2471 1510 2547 profectam
1550 2471 1847 2529 lectoribus
1882 2470 2213 2529 doctissimis
2255 2470 2651 2547 approbarem,

376 2554 480 2615 sed
523 2560 588 2613 ut
633 2553 796 2611 nobis
854 2554 1079 2611 omnino
1135 2556 1446 2611 accuratius
1501 2556 1677 2616 codd.
1740 2554 1874 2612 Mes.
1934 2554 2388 2632 Herodoteorum
2445 2558 2653 2611 natura

375 2644 556 2711 atque,
590 2637 782 2699 indole
822 2638 1170 2695 considerata
1187 2679 1204 2709 ,
1249 2638 1511 2697 tutiorem
1561 2638 1896 2697 muniremus
1954 2638 2100 2695 viam
2150 2637 2225 2693 ad
2280 2636 2650 2710 corrigendos

379 2736 612 2778 errores.
667 2720 841 2785 Quod
884 2721 1156 2776 monitum
1209 2722 1372 2779 etiam
1419 2722 1491 2777 de
1533 2723 1617 2791 iis,
1666 2739 1813 2795 quae
1856 2722 1929 2779 de
1969 2721 2131 2780 tertio
2176 2725 2235 2777 et
2278 2728 2479 2795 quarto
2522 2738 2651 2777 cor-

377 2800 654 2881 ruptionis
697 2818 902 2875 genere
953 2800 1226 2872 dicentur,
1271 2802 1455 2861 valere
1498 2802 1678 2860 velim.

549 2882 866 2953 Varietates
901 2882 1074 2956 igitur
1120 2878 1420 2943 lectionum
1464 2902 1499 2943 e
1540 2885 1887 2961 glossematis
1936 2905 2004 2944 ac
2053 2886 2269 2943 scholiis
2311 2890 2497 2959 natae,
2538 2884 2651 2943 hae

379 2971 538 3025 sunt:
609 2966 653 3042 1.
694 2970 766 3023 24
817 2960 932 3025 σῦν
973 2969 1050 3047 τῇ
1106 2971 1293 3051 σκευῇ
1349 2961 1516 3051 πάσῃ
1574 2968 1783 3045 vulgat.
1842 2970 2027 3054 στολῇ
2068 2990 2118 3027 e.
2197 2977 2258 3029 11
2308 2963 2649 3031 ἀπολλύναι

379 3050 589 3124 vulgat.
636 3041 985 3110 ἆποκτεῖναι
1027 3065 1076 3107 e.
1115 3046 1244 3106 Ald.
1309 3054 1342 3109 7
1387 3045 1793 3130 οὕνομάζουσι
1833 3054 1984 3129 vulg.
2052 3051 2334 3114 καλέουσι
2394 3050 2525 3112 Ald.
2580 3054 2646 3114 S.

381 3140 450 3192 11
491 3129 749 3211 η’συχίην
791 3125 907 3209 εἶχε
948 3130 1101 3206 vulg.
1141 3124 1251 3215 ᾖγε
1295 3134 1368 3197 R.
1422 3133 1489 3193 A.
1539 3156 1587 3197 c.
1663 3142 1734 3196 23
1792 3131 2119 3209 διδάξαντα
2163 3136 2313 3211 vulg.
2368 3134 2647 3209 δείξαντα

380 3216 528 3273 Cod.
571 3233 620 3273 e.
686 3221 753 3273 21
807 3211 1004 3275 πάντα
1055 3216 1420 3297 συγκομίσας
1460 3218 1538 3279 Μ.
1580 3219 1651 3278 R.
1698 3220 1763 3277 F.
1811 3238 1860 3279 a.
1913 3240 1959 3277 c.
2007 3216 2245 3281 ἅπαντα
2288 3213 2647 3299 συναγαγών

379 3300 443 3361 S.
495 3297 560 3360 P.
613 3296 744 3358 Ald.
805 3301 876 3357 46
917 3294 1063 3377 πρὶν
1117 3295 1411 3379 μεγάλους
1459 3300 1743 3383 γενέσθαι
1790 3302 1938 3377 vulg.
1991 3298 2259 3382 μεγάλως
2296 3297 2645 3381 αὐξηθῆναι

377 3382 450 3441 Β.
488 3381 688 3459 Steph.
739 3400 916 3457 marg.
963 3375 1316 3462 αὐξηθῆναι
1359 3407 1407 3448 c.
1460 3393 1531 3447 62
1588 3384 1964 3464 πορεύεσθαι
2003 3385 2105 3449 ἐπὶ
2146 3382 2215 3448 ro*
2262 3384 2413 3447 ὂὲστυ
2453 3385 2530 3444 Μ.
2568 3384 2644 3448 R·

376 3464 446 3523 F.
491 3484 542 3523 a.
595 3466 650 3523 b.
702 3484 750 3522 c.
799 3466 857 3527 d.
925 3465 1353 3543 στρατεύεσθαι
1389 3469 1517 3529 Ald.
1563 3492 1611 3531 e.
1660 3472 1836 3546 (vide
1868 3477 1927 3529 et
1968 3471 2197 3529 Variett.
2234 3468 2389 3529 Lect.
2424 3470 2521 3532 111.
2554 3475 2641 3527 25.

376 3547 451 3606 v.
509 3548 772 3615 14.2V11.
820 3552 901 3606 19.
948 3549 990 3607 1.
1027 3554 1113 3609 87.
1173 3553 1272 3611 lx.
1322 3558 1407 3613 17.
1464 3561 1549 3613 25.
1603 3553 1721 3630 30.)
1805 3558 1873 3613 το
1933 3547 2253 3616 ἀπελοίατο
2314 3552 2394 3613 Μ.
2442 3553 2512 3611 Β.
2571 3553 2642 3615 F.

373 3631 547 3689 Eton.
599 3650 651 3693 a.
695 3652 742 3691 c.
788 3626 1184 3707 α’πεληΐσαντο
1242 3638 1301 3695 S.
1361 3644 1431 3697 85
1478 3634 1717 3701 εὐεστοῖ
1748 3638 1822 3695 Κ.
1876 3638 1943 3695 F.
1995 3657 2049 3697 a.
2094 3633 2360 3721 εὕθηνίςι
2400 3636 2529 3693 Ald.
2572 3638 2642 3699 S.

373 3714 432 3773 b.
478 3734 525 3771 c.
576 3716 634 3773 d.
679 3735 726 3774 e.
764 3720 846 3775 »86
890 3714 1070 3779 ου’δὲν
1112 3724 1236 3782 τῶν
1285 3720 1350 3782 ἐν
1395 3716 1784 3802 ἐνθρύσκοισι
1810 3722 1963 3797 vulg.
2014 3714 2199 3784 oniti-iv
2243 3726 2367 3785 τῶν
2400 3713 2641 3800 α’νθρω-

373 3799 574 3859 πίνων
643 3798 712 3856 R.
773 3819 819 3861 c.
905 3804 975 3859 87
1041 3797 1330 3884 ἐδωρήθη
1401 3806 1551 3881 vulg.
1614 3801 2009 3885 κεχορήγηται
2072 3805 2145 3865 R.
2231 3810 2304 3865 89
2378 3803 2641 3882 ἐπιμελές

373 3881 529 3957 vulg.
581 3881 873 3961 ἐπιμελῶς
915 3885 988 3947 Κ.
1043 3890 1112 3947 77
1145 3882 1256 3949 οὐκ
1298 3888 1577 3969 ἐπειρᾶτο
1615 3885 1809 3951 ἔπεσίν
1852 3890 2001 3965 vulg.
2028 3912 2079 3951 o.
2122 3911 2165 3952 ε.
2208 3888 2294 3954 ἔτι
2335 3887 2539 3967 μένειν
2576 3890 2635 3947 d.

373 3971 479 4024 118
526 3965 592 4026 ἐν
637 3965 882 4049 ἐλαφρῷ
925 3968 1076 4045 vulg.
1131 3970 1411 4047 ’ἐλαφρῶς
1457 3974 1517 4030 S.
1600 3978 1700 4033 136
1758 3974 2059 4051 μηδεμίαν
2104 3969 2262 4052 ἄσην
2322 3967 2637 4054 προσβάλῃ

373 4047 446 4112 Κ.
497 4048 565 4108 F.
614 4068 665 4109 a.
725 4072 776 4111 c.
833 4054 1134 4130 μηδεμίαν
1185 4050 1423 4133 βλάβην
1482 4058 1537 4113 d.
1587 4057 1885 4135 μηδεμίαν
1927 4050 2169 4135 βλοῖβην
2205 4058 2370 4134 ἀηδῆ
2388 4056 2453 4115 S.
2478 4054 2546 4115 V.
2576 4055 2638 4112 b.

372 4134 668 4209 μηδεμίαν
709 4132 869 4214 ὅσην
929 4128 1100 4215 οἷηδῆ
1151 4135 1282 4195 Ald.
1339 4144 1397 4193 et
1450 4137 1647 4218 Steph.
1727 4144 1832 4200 180
1883 4135 1991 4215 τοῖς
2044 4138 2145 4203 ἐπὶ
2198 4135 2308 4203 τᾶν
2360 4134 2635 4217 ποταμὸν
