2784 4567
733 123 827 186 De
866 125 1108 186 dialecto
1148 125 1490 188 Herodotea
1525 127 1623 206 lib.
1663 128 1767 192 111.
2248 128 2378 196 249

75 295 245 354 dum
284 298 399 370 est,
436 298 541 354 aut
576 291 689 352 hoc
728 292 787 350 in
820 291 1092 372 διπλέην,
1133 300 1233 354 aut
1270 296 1541 373 denique,
1581 299 1740 374 quod
1776 299 2119 376 praeferam,
2157 304 2378 362 utrum-

76 399 220 456 que
261 380 323 438 in
360 373 581 458 διπλόη
600 416 619 453 ,
658 371 919 456 διπλόην
966 381 1318 441 vertendum.
1405 381 1558 440 Nam
1601 381 1808 461 διπλέη
1848 383 1938 442 vel
1980 404 2049 444 ex
2088 391 2378 463 permuta-

78 466 272 524 tione
318 463 637 522 litterarum
689 461 729 525 3
768 470 827 524 et
872 463 903 525 ἔ
951 462 1045 539 (ut
1086 465 1239 541 apud
1282 465 1442 522 said.
1487 472 1544 524 et
1588 464 1803 526 Polluc.
1846 467 1904 526 ll.
1933 469 2054 543 jam
2095 489 2272 548 supra
2311 490 2371 548 p.

76 554 209 608 215
256 549 413 614 laud.
485 545 735 610 ὶπίπλεα
788 548 1017 623 quidam
1072 548 1221 608 male
1262 548 1649 626 praebuerunt
1689 571 1794 628 pro
1837 549 2118 630 ἐπίπλοα)
2168 555 2260 614 vel
2306 574 2376 615 ex

81 632 457 692 confusione
482 651 611 692 cum
651 632 849 691 formis
888 629 1107 704 πλέων,
1152 631 1351 704 πλέος,
1392 629 1566 712 πλέη,
1610 632 1798 700 πλέον
1841 642 2028 696 ortum
2071 655 2200 698 esse
2239 637 2378 698 mihi

80 717 363 790 videtur,
405 733 592 792 neque
632 734 705 776 ex
742 723 1039 778 contracta
1078 717 1263 776 forma
1304 719 1492 796 διπλῆ
1527 715 1648 793 ita)
1687 726 1751 779 ut
1791 739 1862 779 ex
1904 721 2188 798 epicorum
2217 741 2377 782 more

82 801 181 860 illi
224 806 530 858 contracto
575 819 721 860 sono
767 799 956 860 littera
995 805 1029 864 ’ἱ
1084 803 1422 879 praeposita
1461 803 1570 874 sit;
1627 821 1774 880 quae
1817 806 1982 882 epica
2022 807 2378 866 consuetudo

84 886 339 944 minime
376 885 753 944 Herodoteae
808 887 1055 944 orationi
1106 887 1406 958 convenit3
1466 907 1652 965 neque
1708 907 1846 948 vero
1904 908 1974 948 ex
2019 891 2207 950 forma
2259 911 2380 950 non

90 975 409 1028 contracta
454 964 675 1048 διπλόη
719 968 755 1032 ὅ
795 970 853 1027 in
899 972 929 1031 ἔ
964 989 1153 1044 versa,
1194 989 1363 1048 quam
1409 991 1670 1050 causam,
1715 974 1763 1030 si
1806 991 1944 1032 vera
1986 963 2175 1050 esset,
2215 981 2380 1054 patet

86 1054 405 1112 etiam'ad
450 1055 695 1131 διπλῆν,
742 1055 990 1129 διπλοῖς,
1032 1047 1308 1125 διπλόον,
1332 1055 1593 1117 valuisse.
1678 1058 1799 1115 Sed
1830 1056 1988 1116 hanc·
2019 1075 2202 1120 meam
2241 1079 2379 1122 sene

86 1139 369 1214 tentiam,
406 1139 519 1198 alia
558 1138 757 1199 similis
798 1138 1101 1214 confusio,
1136 1157 1171 1196 a
1216 1138 1596 1216 Wesselingio
1638 1141 1866 1202 demum
1911 1147 2194 1219 correcta,
2236 1144 2378 1204 mire

89 1223 449 1282 confirmare
501 1223 763 1294 videtur,
819 1240 990 1299 quum
1034 1224 1083 1283 is
1124 1223 1211 1280 vir
1253 1223 1598 1284 clarissimus
1652 1245 1760 1302 pro
1794 1225 1944 1305 χειρὶ
1989 1227 2170 1288 dmi*
2223 1227 2376 1289 male

90 1305 351 1382 vulgato
389 1307 484 1366 VI.
521 1310 592 1368 72
632 1307 842 1388 χειρίδι
882 1304 1029 1392 πλέῃ
1086 1307 1510 1368 rescribendum
1564 1327 1692 1369 esse
1748 1307 1957 1370 acriter
2011 1311 2067 1368 in
2153 1310 2376 1372 lexerit.

92 1391 189 1450 Et
231 1409 407 1470 quum
448 1384 703 1456 διπλόον
740 1387 1019 1454 θάνατον
1051 1391 1150 1450 VI.
1187 1396 1293 1452 104
1332 1411 1500 1451 nemo
1545 1393 1714 1452 facile
1751 1395 1810 1454 in
1853 1393 2089 1454 dubium
2129 1415 2376 1456 vocave-

93 1477 203 1550 rit,
246 1475 387 1534 nihil
418 1475 727 1554 quidquam
768 1477 1001 1536 obstare
1040 1477 1237 1550 video,
1276 1476 1414 1553 quin
1442 1495 1512 1534 ex
1539 1476 1648 1538 hac
1683 1469 1885 1538 norma
1924 1485 2098 1556 atque
2135 1479 2376 1542 aliorum

99 1561 383 1637 analogia
400 1569 459 1620 et
481 1554 717 1638 διπλόη,
738 1554 1017 1638 διπλόην,
1042 1554 1315 1631 διπλόας,
1362 1565 1420 1619 et
1443 1555 1660 1626 διπλόα
1681 1563 1986 1640 utrobique
2009 1581 2376 1640 reponamus.

284 1645 367 1704 Ut
408 1663 479 1704 ea
511 1645 739 1705 nomina
755 1685 777 1720 ,
820 1663 967 1722 quae
1010 1645 1317 1719 secundam
1365 1644 1635 1719 Atticam,
1671 1663 1820 1720 quae
1855 1647 2084 1720 dicitur,
2127 1646 2379 1706 declina-

98 1730 327 1789 tionem
381 1736 693 1806 sequuntur
713 1769 733 1805 ,
798 1749 915 1788 non
948 1733 1086 1788 ,tam
1136 1727 1312 1787 multa
1361 1727 1542 1788 fuisse
1598 1730 1653 1787 in
1703 1729 2038 1788 Herodotea
2094 1731 2379 1805 oratione,

101 1833 287 1890 quam
331 1814 482 1892 apud
524 1814 701 1886 alios,
746 1815 865 1890 iam
904 1832 1078 1890 supra
1120 1833 1183 1890 p.
1224 1817 1331 1894 168
1368 1831 1458 1889 sq.
1499 1813 1776 1883 vidimus,
1836 1813 1920 1870 sic
1963 1814 2136 1872 etiam
2176 1813 2246 1892 iq.
2272 1815 2379 1872 fle-

103 1899 339 1958 ctendis
382 1899 455 1958 iis
514 1898 835 1959 nominibus
904 1897 1131 1971 omnia,
1190 1914 1341 1973 quse
1393 1896 1600 1956 Atticis
1649 1897 1888 1974 aliisque
1935 1902 2070 1956 sunt
2121 1898 2378 1976 propria,

102 1983 355 2044 maxime
397 1983 453 2040 in
494 1983 747 2060 genitivo
788 1989 847 2042 et
890 1981 1211 2042 acmsativo
1250 1981 1525 2057 singulari
1569 1982 1772 2056 obvia,
1807 2001 2044 2060 prorsus
2081 1999 2153 2040 ex
2190 1982 2379 2044 Hero-

105 2067 287 2126 dotea
314 2069 723 2128 consuetudine
750 2066 1103 2126 excludenda
1134 2073 1291 2128 sunt.
1373 2066 1700 2127 Genitivum
1729 2067 1880 2126 enim
1905 2066 2194 2129 nominum
2233 2085 2378 2144 oxy-

109 2157 385 2212 tonorum
434 2153 495 2211 in
554 2145 640 2225 ὥς
696 2153 1017 2212 exeuntium
1075 2150 1331 2211 nonnulli
1386 2152 1742 2227 grammatici
1794 2171 1898 2228 per
1957 2153 2377 2213 circumflexum
2428 2194 2444 2202 -

110 2238 292 2295 scribi
326 2237 629 2298 voluerunt
682 2235 785 2313 (cf.
836 2235 1063 2296 Schaef.
1120 2235 1192 2292 ad
1238 2235 1419 2311 Greg.
1461 2236 1600 2298 cor.
1651 2257 1708 2313 p.
1754 2235 1885 2315 165)
1929 2255 2042 2313 quo
2087 2253 2158 2295 ex
2202 2255 2377 2315 prae-

110 2329 287 2399 cepto
328 2327 389 2380 et
430 2324 617 2384 Nemi
660 2320 761 2398 (11.
805 2326 926 2380 158.
968 2319 1066 2381 IV.
1094 2319 1192 2395 42)
1236 2324 1297 2376 et
1345 2323 1552 2382 Ναθῶ
1592 2320 1694 2395 (ΙΙ.
1733 2320 1864 2397 165)
1903 2340 2012 2398 pro
2053 2321 2204 2380 veris
2257 2324 2377 2382 Ne·

108 2404 239 2481 καί,
286 2399 494 2468 Naeui
536 2407 595 2463 in
638 2403 1028 2462 Herodoteum
1072 2402 1387 2460 orationem
1437 2404 1740 2480 irrepsisse
1779 2405 2062 2461 videntur.
2148 2401 2228 2460 Et
2273 2403 2378 2460 At-

108 2493 265 2549 ticos
323 2489 501 2548 multa
552 2487 659 2546 huc
714 2487 1061 2562 pertinentia
1116 2485 1345 2542 nomina
1385 2486 1444 2542 in
1495 2487 1816 2544 accusativo
1856 2484 2134 2558 singulari
2174 2485 2299 2546 sine
2340 2485 2380 2544 ὓ

108 2574 435 2646 formasse,
477 2571 758 2630 interdum
798 2571 969 2628 etiam
1011 2569 1371 2628 circumflexo
1411 2574 1680 2639 notasse,
1728 2570 1868 2639 satis
1910 2572 2004 2625 est
2042 2574 2237 2626 notum
2277 2566 2378 2643 (cf.

112 2660 411 2735 lnterppr.
452 2657 529 2714 ad
573 2656 752 2730 Greg.
796 2653 936 2712 Cor.
978 2653 1035 2712 d.
1078 2652 1134 2710 d.
1178 2651 1347 2713 Attic.
1388 2654 1478 2711 71.
1539 2652 1704 2714 Eunt.
1753 2651 1827 2710 ad
1870 2651 1986 2710 Od.
2035 2643 2078 2714 ε’
2120 2669 2181 2728 p.
2223 2650 2382 2728 222),

115 2760 289 2820 quam
344 2741 573 2818 quidem
632 2757 759 2798 rem·
803 2737 961 2804 nullo
1016 2735 1187 2811 modo
1242 2735 1398 2812 apud
1451 2741 1708 2796 nostrum
1763 2735 2170 2801 admittendam
2227 2755 2382 2811 esse,

117 2829 272 2886 haec
322 2824 580 2903 exempla
618 2823 763 2885 satis
806 2821 1123 2882 docebunt:
1178 2816 1506 2882 Μενέλεων
1552 2819 1626 2878 11.
1675 2825 1795 2884 113.
1839 2825 1960 2882 118.
2049 2813 2268 2884 Νεκιόν
2307 2813 2381 2888 11.

122 2918 247 2970 152.
332 2902 635 2989 Σαβακῶν
674 2908 753 2978 ll.
799 2913 920 2967 152.
1004 2897 1388 2986 Ἀρκεσίλεων
1422 2905 1520 2967 IV.
1564 2909 1686 2964 160.
1731 2907 1853 2966 167.
1949 2905 2382 2983 Πρωτεσίλεων

123 2995 229 3054 ῙΧ.
267 2999 383 3054 116.
466 2984 849 3071 Ἀμφιάρεων
896 2991 945 3049 I.
986 2994 1091 3050 46.-
1172 2986 1349 3050 Τέων·
1381 2989 1432 3047 I.
1478 2993 1582 3049 170
1599 2985 1676 3066 ⁴¹).
1761 2983 1866 3054 τὸν
1898 2981 2128 3052 “”Αθων
2171 2987 2268 3057 VI.
2309 2995 2382 3052 44

125 3087 237 3154 ter,
276 3085 435 3138 recte
470 3078 621 3153 vulg·
665 3071 802 3155 (τόν
821 3070 1051 3138 ’Ἄθων
1092 3072 1484 3154 περιέβαλλον
1522 3073 1678 3150 vulg.
1747 3066 1854 3138 τόν
1882 3068 2072 3136 ’Ἄθω
2117 3074 2264 3136 male
2303 3075 2378 3138 V.

111 3157 355 3226 ’'Affeov
396 3163 570 3242 Brit).
612 3167 700 3224 45.
747 3160 875 3220 VII.
908 3168 999 3220 21.
1039 3165 1109 3220 22
1148 3159 1235 3218 bis
1280 3157 1404 3236 (ubi
1445 3159 1619 3218 codd.
1654 3157 1721 3219 V.
1752 3159 1810 3220 d.
1845 3157 1992 3216 male
2013 3153 2253 3232 ”Αθω).
2289 3161 2377 3217 37.

132 3252 231 3310 189
270 3243 481 3325 (Ἄθω
524 3248 589 3303 S.
625 3245 693 3303 V.
736 3243 929 3323 male).
1013 3239 1121 3306 τόν
1162 3241 1316 3306 λεών
1363 3243 1407 3306 l.
1451 3248 1539 3305 22.
1583 3240 1742 3303 vm.
1777 3245 1900 3300 136.
1943 3240 2159 3303 ΙΙ..129
2202 3237 2382 3314 (λεοόν

130 3349 274 3392 nunc
312 3338 467 3393 recte
518 3329 673 3406 vulg.
716 3347 843 3390 cum
884 3331 949 3390 S.
988 3326 1055 3386 V.
1101 3327 1167 3396 F.
1210 3327 1390 3386 PariS.
1452 3325 1601 3389 λαόν
1644 3326 1790 3384 male
1825 3323 1958 3386 Ald.
2005 3324 2079 3384 al.
2143 3317 2258 3388 λεώ
2297 3324 2379 3384 Μ.

131 3414 196 3474 Ρ.
240 3416 365 3494 Κ.).
413 3413 513 3474 IV.
560 3418 681 3474 148.
716 3415 785 3472 V.
826 3419 897 3472 42
940 3411 1097 3483 (vide
1136 3429 1313 3486 supra
1353 3429 1415 3486 p.
1462 3414 1562 3468 138
1595 3408 1714 3486 sq.)
1735 3402 1846 3483 **).

290 3498 595 3560 Nonnullis
637 3501 694 3557 in
736 3496 1057 3558 nominibus
1101 3497 1157 3554 in
1196 3493 1281 3568 ω’-ς
1320 3494 1642 3552 terminatis
1679 3491 2022 3568 ambigitur,
2079 3497 2264 3554 utrum
2306 3493 2384 3552 ad

132 3585 271 3642 hanc
304 3584 615 3644 secundam
654 3582 1089 3642 declinationem
1132 3578 1422 3640 flectenda
1461 3579 1609 3652 sint,
1669 3596 1744 3638 an
1793 3576 1869 3634 ad
1927 3576 2177 3644 tertiam.
2260 3579 2384 3637 Sed

135 3687 335 3730 nomen
394 3670 615 3738 Μίνως
662 3667 1029 3726 Herodotum
1084 3685 1153 3724 ex
1218 3666 1348 3742 lege
1414 3662 1580 3739 hujus
1642 3660 1929 3720 secundae
1989 3663 2384 3724 declinationis

137 3761 453 3814 constanter
504 3750 859 3822 declinasse,
916 3768 1133 3808 summo
1179 3750 1307 3824 jure
1350 3746 1700 3808 contendere
1742 3745 1878 3804 mihi
1922 3746 2144 3809 videor.
2225 3746 2386 3806 Dixit

266 3917 323 3982 *)
362 3915 537 3970 Etiam
560 3867 933 3983 Thucydidem
966 3915 1133 3966 forma
1172 3909 1326 3965 Τέων
1362 3893 1439 3978 (8.
1469 3910 1561 3980 16)
1599 3918 1658 3966 ut
1684 3911 1824 3966 Κῶν
1858 3911 1934 3977 (8,
1953 3909 2044 3962 41.
2071 3907 2200 3975 108)
2235 3923 2384 3962 usum

139 3991 620 4123 ⁶⁸⁸⁰’*23‘¹¹E¹¹'.÷:5:·
638 3980 1296 4120 3{.AE'.⁰¹'1'i‘.'¹'11}'¹¹32{t{·
1333 3974 2246 4126 X⁰h.{’k8;.²33.2‡0⁸3.2213.³.3m
2282 4050 2383 4110 m,

140 4141 228 4197 pro
260 4142 363 4194 quo
399 4124 579 4178 Gaisf.
613 4123 683 4176 sl.
720 4138 834 4174 cum
868 4121 943 4174 M.
996 4123 1056 4179 Ρ.
1092 4121 1163 4175 Κ.
1200 4119 1335 4174 male
1371 4118 1569 4184 Φερῶν
1602 4119 1984 4189 praebuerunt,
2019 4113 2213 4180 Φερων
2249 4125 2297 4164 a.
2334 4130 2382 4170 c.

140 4197 318 4262 Φερων
351 4193 467 4248 sine
502 4200 717 4248 accentu
753 4191 863 4244 cod.
903 4193 967 4246 F.
1023 4187 1255 4256 Φέρωνα
1286 4187 1408 4244 Am.
1441 4187 1506 4242 S.
1540 4189 1596 4242 b.
1635 4186 1690 4241 d.
2349 4193 2372 4218 ⁴
