2784 4567
705 158 714 167 '
829 174 920 235 ne
959 175 1202 235 dialecto
1241 174 1573 233 nerodotea
1614 173 1708 235 ab.
1756 173 1797 233 1.
2344 166 2423 233 ιι

127 344 272 403 illud
325 344 404 403 ab
457 343 704 420 antiquis
751 344 954 405 criticis
1013 344 1164 403 omni
1227 344 1286 403 in
1349 361 1561 419 genere
1628 341 2055 421 praedicabatur
2116 342 2391 421 optinum
2402 361 2423 413 3

129 448 320 504 quare
365 448 435 488 ex
479 430 658 489 tribus
699 428 824 506 illis,
865 428 966 505 qui
1015 429 1296 507 principes
1343 428 1643 499 habentur,
1678 426 1903 503 tragicis
1950 445 2137 504 neque
2172 426 2426 506 Aeschy-

128 514 190 572 lo
233 532 432 589 neque
475 514 728 593 Euripidi
769 515 876 579 sed
925 513 1194 591 Sophocli
1235 512 1425 591 palma
1461 521 1553 572 est
1604 511 1813 573 delata.

310 600 489 674 Atqui
545 618 670 657 cum
727 598 896 659 rebus
961 600 1070 657 iuis
1103 599 1469 657 ·Herodoteo
1544 597 1801 656 Jonismo
1841 598 1854 604 “
1868 595 2107 674 propriis
2166 592 2425 655 mollities

127 683 459 760 quaedam,
513 682 744 743 Jonicae
785 683 942 759 genti
971 681 1164 743 Asia-
1215 684 1515 753 minorem,
1566 682 1833 759 imprimis
1880 679 2123 757 Lydiam
2164 680 2425 739 incolenti

19 780 21 785 ·
126 768 331 825 nativa
375 775 435 827 et
481 769 720 827 maxima
769 767 962 845 paullo
1005 774 1138 826 ante
1195 766 1417 826 Persica
1474 766 1647 843 bella,
1705 764 2007 840 conjuncta
2068 772 2181 835 est,
2228 782 2425 840 qnam—

127 871 310 926 qnam
357 870 530 931 saepe
568 854 710 911 haec
755 852 956 911 Jonica
997 853 1271 912 dialectus
1322 852 1605 911 consentit
1668 870 1795 911 cum
1850 850 2187 925 quibusdam
2244 866 2427 909 novae

129 935 388 995 Doricae
433 937 680 1013 dialecti,
723 937 946 1011 qualem
989 938 1144 1015 apud
1181 937 1547 1021 Theocritum
1586 937 1913 1006 invenimus,
1956 935 2251 993 verborum
2286 952 2427 993 con-

129 1022 604 1093 formationibus3
643 1023 802 1080 ande
851 1021 1012 1079 facile
1060 1021 1260 1095 conjici
1301 1022 1499 1099 possit,
1542 1021 1689 1079 hanc
1736 1038 2087 1078 communem
2128 1036 2297 1093 quam
2328 1037 2427 1077 su-

128 1124 242 1183 pra
289 1105 617 1164 litterariam
675 1105 916 1164 diximus
969 1105 1270 1163 dialectum
1323 1106 1557 1183 ptopius
1616 1104 1847 1163 Can-icae
1902 1104 2201 1161 accessisse
2254 1122 2425 1179 quam

129 1190 401 1261 Sarniae3
451 1209 568 1265 quo
601 1192 818 1249 accedit
859 1191 1026 1249 etiam
1067 1190 1313 1248 affinitas
1361 1190 1639 1265 quaedam
1678 1185 2048 1247 Herodoteae
2086 1195 2147 1247 et
2198 1188 2423 1267 Hippo-

131 1280 370 1331 cratnae
408 1274 629 1333 dialecti
677 1293 803 1333 cnm
845 1282 1033 1333 vetere
1067 1273 1380 1333 Atticismo.

311 1359 378 1415 Si
428 1358 758 1417 Herodotus
811 1360 983 1435 igitur
1033 1379 1170 1437 prae
1225 1360 1421 1418 ceteris
1476 1378 1583 1435 pro
1648 1376 1843 1417 norma
1892 1356 2133 1415 recentis
2188 1356 2427 1416 Jonicae

133 1441 362 1501 dialecti
403 1451 496 1502 est
535 1444 848 1517 habendus,
889 1446 952 1503 in
993 1444 1200 1503 nostris
1231 1452 1419 1501 autem
1470 1444 1605 1500 Mas.
1656 1444 1749 1500 vix
1780 1442 2075 1517 vestigium
2108 1441 2283 1501 allum
2316 1440 2425 1499 ha·-

126 1528 222 1601 jus
267 1545 502 1585 normae
543 1534 630 1586 est
673 1528 954 1602 relictum,
999 1548 1072 1589 ne
1115 1531 1170 1587 in
1229 1530 1296 1587 iis
1351 1528 1615 1603 quidem,
1668 1528 1764 1602 qui
1820 1526 2033 1585 exarati
2096 1534 2233 1585 sunt
2288 1532 2425 1585 ante

130 1612 390 1669 seculum
435 1611 605 1685 xm„
651 1630 768 1688 quo
809 1614 1110 1691 praecipue
1151 1613 1581 1689 negligentiam,
1626 1611 1899 1669 inscitiam
1937 1618 2117 1685 atque
2168 1608 2425 1667 inertiam

129 1695 490 1755 librariorum
563 1696 679 1755 late
747 1700 940 1773 vagari
1005 1698 1282 1773 incepisse
1345 1698 1547 1755 scimus
1611 1697 1635 1766 (
1652 1697 1723 1757 cf.
1794 1694 2016 1751 Heeren
2078 1693 2115 1750 l.
2169 1693 2205 1750 I.
2262 1692 2311 1751 1.
2362 1712 2425 1770 p.

131 1785 236 1839 303
275 1782 472 1857 sqq.),
509 1789 574 1839 nt
615 1782 804 1839 Codd.
857 1782 937 1839 M.
979 1781 1052 1841 F.
1095 1781 1160 1839 P.
1209 1800 1262 1838 a.
1307 1782 1411 1856 (cf.
1456 1779 1660 1839 Praeff.
1706 1779 1887 1837 Wess.
1932 1782 1989 1835 et
2010 1776 2327 1852 Schwdgh.
2364 1782 2427 1837 et

133 1864 313 1925 Wess.
369 1862 522 1926 Dias.
565 1866 900 1945 Heroden),
941 1872 1376 1923 consentaneum
1420 1872 1526 1934 est,
1576 1863 1697 1921 illas
1722 1863 1913 1923 codd.
1964 1861 2425 1921 Hemdoteomm

132 1950 574 2026 depravationes
651 1968 830 2027 usque
891 1950 964 2009 ab
1019 1951 1417 2026 antiquissimis
1472 1948 1821 2026 temporibus
1878 1947 2215 2025 repetendas
2282 1964 2422 2007 esse.

129 2032 342 2111 Neque
401 2054 538 2093 vcro
587 2035 792 2095 desunt
841 2034 1005 2093 nobb
1057 2034 1222 2111 hujus
1285 2036 1365 2093 rei
1422 2036 1721 2093 certissima
1774 2038 2027 2091 veterum
2088 2033 2423 2110 scriptorum

129 2121 456 2179 testimonia
497 2126 670 2197 atque
729 2120 948 2179 indicia.
1044 2119 1236 2195 Atque
1291 2120 1409 2195 jam
1464 2118 1793 2177 Aristoteles
1826 2135 1951 2176 suo
2006 2118 2063 2175 in
2122 2118 2424 2195 exemplari

133 2203 354 2263 initium
398 2205 712 2264 Herodotei
755 2205 940 2285 operis
981 2204 1144 2263 aliter
1183 2224 1252 2263 ac
1289 2223 1397 2263 nos
1453 2204 1655 2281 legisse
1708 2204 1958 2276 videtur,
2016 2221 2189 2279 quum
2234 2202 2299 2260 id
2362 2204 2422 2261 in

132 2287 329 2348 Rhett,
391 2289 488 2349 III.
533 2294 570 2349 9
607 2291 728 2352 init.
776 2292 856 2348 sic
895 2290 1188 2349 exhibeat:
1235 2284 1561 2366 Ἡροδότου
1607 2291 1875 2367 Θουρίου
1912 2283 2031 2366 ἥδι
2062 2286 2227 2349 ἐστὶν
2268 2281 2424 2351 ἀπό·

135 2376 342 2448 δειξις,
367 2374 636 2449 -eujus
687 2374 1082 2453 appellationis
1129 2376 1397 2450 Θουρίου
1440 2375 1647 2433 nastris
1690 2375 1751 2431 in
1803 2373 1940 2431 Mss-
1996 2388 2071 2431 ne
2122 2372 2423 2447 vestigium

135 2459 369 2532 quidem
437 2478 590 2517 nunc
641 2460 904 2519 invenias.
1003 2458 1120 2517 Sed
1165 2460 1332 2517 etiam
1387 2458 1535 2517 Plut.
1596 2459 1673 2515 de
1723 2457 1905 2515 Exilio
1948 2474 1996 2513 c.
2068 2462 2133 2515 13
2184 2458 2424 2515 candem

135 2543 452 2620 scripturae
488 2544 814 2602 varietatem
861 2544 1346 2613 commemoravit3
1393 2540 1461 2601 τό
1502 2538 1569 2601 δὲ
1622 2537 1993 2615 »Ἡροδότου
2033 2536 2426 2618 Ἀλικαρνασ-

137 2626 294 2697 ciac,-
339 2622 652 2698 ἀπόδειξις
703 2622 860 2696 ἥδέ(
902 2624 1115 2687 πολλοὶ
1159 2619 1615 2703 μεταγράφουσι
1668 2617 2043 2698 »Ἡροδότου
2098 2622 2427 2700 Θουρίοιώ(

315 2710 612 2769 Praeterea
633 2710 920 2770 Philemon
943 2711 1356 2786 grammaticus,
1379 2710 1480 2785 qui
1514 2711 1791 2769 inferente
1814 2708 2127 2786 porphyrio
2158 2707 2424 2783 (Quaest-

137 2794 312 2855 Hom.
359 2815 408 2853 c.
455 2794 605 2853 vm.
657 2816 714 2874 p.
767 2801 833 2855 18
889 2814 1016 2871 sqq.
1063 2793 1445 2873 [Argentorati
1490 2814 1641 2853 anno
1708 2793 1865 2873 1539]
1888 2795 1998 2867 ¹⁸¹))‚
2036 2794 2425 2855 Herodotenn

139 2880 452 2939 orationem
503 2882 798 2953 recensuit,
841 2881 1024 2939 multis
1067 2900 1172 2938 suo
1229 2881 1344 2956 jam
1397 2886 1651 2957 tempore
1673 2880 1762 2956 ⁴¹⁸¹)
1818 2880 2011 2939 Codd.
2062 2880 2427 2941 Herodoteoa

137 2965 288 3022 vitiis
338 2966 600 3023 foedatos
641 2985 768 3025 esse
809 2966 1074 3036 affirmat,
1115 2966 1333 3043 ipsique
1374 2966 1773 3043 negligentiam
1821 2966 2173 3025 librariorum
2214 2965 2271 3023 in
2302 2970 2425 3023 *sta-

138 3048 390 3107 hilienda
430 3051 676 3124 quadam
720 3052 996 3128 scriptura
1037 3052 1220 3109 fraudi
1263 3052 1455 3121 finisse,
1514 3050 1657 3111 infra
1700 3070 1769 3128 p.
1826 3055 1895 3110 65
1953 3068 2039 3127 sq.
2092 3050 2422 3113 videbimus.

141 3131 220 3191 Et
279 3141 550 3209 quantum
595 3154 664 3193 ex
727 3135 1004 3212 corruptis
1061 3141 1118 3194 et
1170 3134 1439 3193 mutilatis
1499 3134 1843 3211 grammatici
1896 3134 2187 3210 cujusdam
2238 3134 2425 3193 verbis
2490 3156 2499 3171 ’

142 3217 198 3273 in
243 3219 442 3277 Hortis
487 3219 762 3277 Adonidis
803 3220 978 3280 videri
1013 3220 1156 3290 lieet,
1193 3220 1555 3278 Herodianus
1590 3220 1985 3295 grammaticus
2028 3239 2133 3298 pro
2179 3220 2427 3295 vulgatis

139 3294 294 3362 Ἰοῦν
337 3300 454 3377 τὴν
500 3298 734 3383 Ἰνάχου
780 3304 824 3363 I.
882 3312 927 3363 l.
973 3305 1238 3381 scriptum
1269 3305 1475 3379 legisse
1503 3306 1728 3363 videtur
1767 3299 1883 3381 τήν
1906 3298 2194 3382 Ἰναχοῧν.
2240 3304 2426 3363 Etiam

143 3389 299 3461 apud
347 3389 698 3465 Stephanum
743 3389 1078 3467 Byzantium
1121 3390 1348 3459 nomina
1402 3390 1679 3463 quaedam
1732 3389 1993 3467 propria,
2044 3397 2109 3448 ut
2160 3390 2425 3449 Herodo-

143 3474 266 3543 tca,
299 3472 553 3548 inveniri,-
595 3492 742 3549 quae
787 3494 900 3531 non
945 3474 1046 3532 nisi
1099 3474 1441 3551 depravatae
1500 3473 1731 3547 alicujus
1787 3474 1939 3533 verbi
2003 3476 2317 3553 scripturae
2364 3481 2427 3533 et

145 3562 362 3615 mutato
405 3561 656 3617 accentui
701 3559 970 3635 originem
1027 3556 1314 3627 debererit,
1350 3556 1467 3632 jam
1518 3558 1670 3615 docti
1712 3558 2041 3636 interpretes
2089 3561 2163 3617 ad
2223 3560 2265 3618 1.
2326 3567 2427 3619 125

149 3650 510 3712 monuerunt3
553 3644 639 3700 cui
675 3642 798 3699 loco
845 3644 1024 3702 addas
1070 3649 1128 3700 et
1176 3644 1433 3700 conferas
1477 3641 1643 3699 alium
1688 3643 1853 3701 etiam
1894 3645 2177 3718 quendam
2220 3645 2263 3708 Ι.
2329 3646 2427 3703 176

148 3719 384 3787 Aldinae
439 3727 700 3785 editionis
745 3734 801 3785 et
845 3746 991 3803 quae
1041 3746 1110 3785 ex
1161 3746 1228 3785 ea
1269 3727 1605 3805 auctoritate
1652 3728 1927 3805 pendent,
1977 3729 2283 3791 editionum
2316 3730 2429 3788 Ba-

285 3911 330 3975 ’)
371 3911 489 3964 Hoc
523 3917 702 3979 caput,
739 3909 806 3962 de
839 3907 1146 3961 condicione
1179 3925 1245 3961 ac
1277 3908 1655 3977 depravatione
1686 3908 1789 3963 illis
1820 3910 1927 3978 jam
1954 3910 2273 3981 temporibus
2292 3910 2431 3963 haud

148 3990 268 4029 rara
306 3978 436 4031 Mss-
473 3979 748 4042 librorum,
803 3976 1048 4047 imprimis
1082 3994 1255 4030 rerum
1298 3976 1613 4052 scriptorum
1648 3989 1704 4033 et
1740 3988 2040 4050 poetarum,
2078 3976 2433 4032 memorabiles

152 4047 414 4101 continens
443 4066 548 4113 res,
581 4054 749 4101 totum
783 4047 885 4099 hnc
919 4046 1413 4115 transscripsissem‚
1448 4047 1549 4099 nisi
1587 4046 1787 4101 veritus
1822 4064 1988 4100 essem
2024 4046 2202 4119 plnres
2240 4063 2304 4099 ne
2334 4046 2432 4100 im-

152 4112 340 4180 plerem
377 4117 598 4186 paginas
636 4120 789 4169 rebus
819 4116 1047 4169 fortasse
1081 4116 1316 4169 omnibns
1333 4116 1453 4181 “jam
1489 4115 1619 4169 satis
1654 4114 1812 4168 notis.

291 4187 358 4247 ⁸⁸)
397 4187 478 4239 De
510 4186 664 4253 hujus
697 4184 1012 4238 Philemonis
1045 4184 1368 4251 grammatici
1404 4192 1584 4237 aetate
1618 4182 1942 4247 aliorumque
1986 4176 2219 4246 ejusdem
2270 4180 2433 4233 nomi-

155 4248 232 4302 nis
267 4253 388 4309 vide
421 4255 619 4311 Osann.
657 4253 948 4322 Prolegom.
983 4252 1054 4307 ad
1091 4253 1306 4308 Philam.
1338 4268 1426 4320 gr.
1458 4252 1623 4317 Frsg.
1664 4267 1719 4317 p.
1758 4244 1855 4299 v1.
1902 4258 2018 4311 “1¹1-
