2784 4567
365 129 488 196 128
990 125 1082 190 Dc
1121 129 1368 188 dialecto
1412 128 1747 187 Herodotea
1786 125 1883 190 lib.
1928 126 2006 190 ΙΙ.

357 309 518 380 ptum
559 305 744 358 exstat
781 290 866 360 δι’
911 291 1207 376 α’πλοίηνς
1249 301 1312 355 et
1352 296 1507 373 apud
1548 296 1719 356 Hom.
1761 295 1827 353 ΙΙ.
1864 295 1969 372 ΙΧ,
2002 301 2109 356 362
2148 289 2191 372 ἦ
2232 289 2507 375 ευπλοίη
2544 296 2647 376 (cs.

357 387 522 446 Suid.
554 378 863 458 εὐπλοίην.
896 380 1204 452 εὔπλοιαν)
1249 385 1308 440 et
1341 381 1571 458 poetice
1612 375 1834 458 ἇπλοΐη
1880 383 2035 458 apud
2064 381 2402 439 Callimach-
2434 383 2648 458 Hymn-

355 472 414 528 in
460 470 672 528 Artem.
721 473 830 527 230
885 459 1215 544 (οἷπλοΐης)·
1301 465 1511 541 Neque
1564 463 1716 521 enim
1770 467 2137 523 statuendum
2195 485 2327 524 esse
2386 467 2647 542 videtur,

355 553 716 614 Herodotum
753 571 820 610 ex
849 553 1154 610 Atticismo
1183 549 1451 628 quodam,
1488 567 1671 625 eoque
1715 549 1892 607 arctis
1934 550 2141 607 finibus
2180 551 2647 627 circumscripto,

355 659 426 696 ac
479 639 710 714 saepius
761 655 797 693 a
851 637 1140 694 veteribus
1197 633 1583 710 grammaticis
1638 639 1842 690 notato
1896 633 2001 711 (cf.
2043 635 2265 698 Buttm.
2322 653 2419 710 gr.
2462 655 2561 710 gr.
2601 636 2648 706 1,

353 743 414 802 p.
453 727 558 782 143
591 723 735 780 Not.
763 720 858 796 11)
900 719 1212 777 retraxisse
1253 719 1360 775 hoc
1402 719 1460 774 in
1498 715 1777 774 vocabulo
1821 726 2135 777 accentum.
2172 751 2259 761 —
2300 717 2505 776 Etiam
2550 713 2647 780 εὖ-

355 805 561 908 μένεια
606 805 680 866 ΙΙ.
709 810 780 863 45
815 805 960 880 (duo
987 803 1156 864 codd.
1202 796 1527 880 ευμενέα)
1512 820 1572 857 m
1618 792 1923 879 ευμενείη,
1966 809 2027 860 et
2068 798 2287 864 ἄδειαν
2332 803 2411 862 ΙΙ.
2451 809 2644 878 121,6

353 894 414 950 in
457 885 708 969 ἀδείην·
745 887 1080 964 ἐπιμέλειαν
1115 885 1208 945 vl.
1239 893 1340 947 105
1379 886 1440 942 in
1482 884 1845 963 ἐπιμελείην.
1930 887 2055 944 Sed
2092 886 2323 961 vulgata
2364 883 2645 967 περιφά-

353 997 488 1038 νεια
527 975 621 1035 lV.
667 979 740 1032 24
797 980 858 1030 et
899 972 1210 1050 ἐμμέλειαν
1250 970 1347 1034 VI.
1386 972 1528 1043 129,
1582 987 1925 1047 quamquam
1970 970 2120 1028 haud
2164 971 2339 1029 dubie
2386 991 2427 1028 a
2472 995 2641 1048 περι-

354 1055 559 1138 φανής
601 1063 660 1116 et
704 1051 954 1136 ἐμμελής
993 1056 1170 1135 (Plat.
1223 1055 1474 1116 Theaet.
1511 1072 1569 1129 p.
1620 1057 1725 1112 174
1762 1054 1865 1130 A.)
1912 1055 2264 1127 derivanda,
2313 1073 2441 1112 non
2482 1056 2643 1112 solli—

355 1146 586 1203 citanda
629 1161 757 1200 esse
799 1159 1051 1214 censeo,
1095 1159 1268 1216 quum
1309 1144 1372 1196 et
1408 1139 1465 1195 in
1507 1137 1769 1196 Platonis
1813 1097 2305 1216 Legg.V11.sie
2345 1139 2422 1197 Β.
2464 1139 2641 1218 ἐμμέ-

353 1233 520 1289 λειαν
571 1227 840 1302 scriptum
867 1223 1072 1282 'exstet
1113 1243 1228 1282 uon
1273 1215 1612 1300 ἓμμελείαν.

525 1309 792 1367 Ceterum
842 1325 1112 1410 compara
1149 1306 1392 1369 Lucian.
1436 1307 1511 1365 de
1555 1306 1667 1365 dea
1700 1306 1830 1382 Syr.
1869 1305 1989 1382 (ed.
2032 1304 2345 1382 Jacobitz.)
2388 1309 2639 1389 ἐπινοίη

353 1415 482 1474 cap.
523 1398 610 1456 17.
653 1391 900 1470 ἐννοίην
927 1399 980 1454 2.
1025 1384 1242 1471 ἆγνοίη
1271 1397 1364 1450 22.
1414 1391 1856 1470 φρενοβλαβείη
1901 1395 1988 1448 18.
2030 1390 2105 1446 de
2139 1390 2453 1470 Astrolog.
2506 1335 2640 1456 dm„

352 1481 494 1558 νοίη
522 1485 594 1538 10
637 1485 697 1535 et
729 1478 1010 1555 διανοίην
1039 1485 1133 1537 20.
1176 1472 1481 1554 ἀπορροίη
1522 1481 1587 1534 et
1628 1475 1809 1552 ῤὀίην
1850 1479 1937 1536 29.
1992 1507 2065 1516 —-
2116 1475 2245 1534 Huc
2289 1477 2473 1535 etiam
2506 1500 2637 1556 per-

350 1565 496 1622 tinet
535 1581 742 1621 nomen
783 1563 936 1640 ἱρείη
979 1557 1306 1636 (sacerdos)
1349 1560 1537 1636 quod,
1577 1577 1917 1636 quamquam
1960 1558 2033 1616 ab
2076 1552 2244 1638 ίρευς
2284 1562 2636 1640 derivatum,

349 1655 540 1706 tamen
583 1647 654 1703 ab
697 1647 1110 1723 antiquioribus
1151 1644 1356 1703 Atticis
1400 1643 1559 1721 ίρείᾶ
1598 1650 2019 1719 paroxytonon,
2062 1658 2101 1691 α
2142 1645 2449 1720 producta,
2494 1669 2637 1724 pro-

349 1732 666 1791 nuntiatum
723 1748 882 1788 esse·
899 1749 1052 1789 nunc
1089 1730 1210 1788 fere
1249 1733 1497 1786 constat.
1585 1727 1733 1785 Vide
1767 1729 1915 1786 enim
1961 1727 2174 1786 Buttm.
2214 1748 2304 1802 gr.
2348 1750 2445 1805 gr.
2485 1732 2535 1805 Ι,
2584 1754 2635 1808 p.

351 1823 456 1876 140
488 1817 632 1874 Not.
689 1815 781 1891 ΙΙ,
823 1836 880 1891 p.
921 1820 1028 1874 426
1072 1834 1160 1890 sq.
1204 1812 1414 1871 Matth.
1458 1831 1545 1888 gr.
1588 1831 1676 1886 gr.
1721 1812 1783 1887 Ι,
1827 1833 1890 1889 p.
1933 1817 2037 1870 184
2076 1811 2201 1886 (ed.
2238 1814 2432 1891 tert..)
2536 1818 2633 1874 Sic

350 1901 504 1977 apud
557 1899 840 1958 Herodot.
899 1899 1092 1958 1.175
1127 1921 1168 1976 η
1207 1898 1368 1973 ίοείη
1422 1902 1644 1968 exstat,
1706 1902 1767 1952 et
1819 1896 1889 1955 V.
1936 1898 2023 1958 72.
2073 1896 2229 1983 VIII.
2272 1902 2423 1968 104,
2476 1903 2633 1960 unde

347 1990 512 2062 patet
575 1983 642 2040 ΙΙ.
697 1988 767 2040 53
817 2001 924 2057 pro
973 1982 1278 2057 vulgato‘'
1249 2003 1432 2058 ιρειαι
1494 1979 1593 2057 (αἱ
1639 1979 2073 2052 Amanum-9⁰
2042 2002 2221 2057 ιρειαι
2274 1981 2369 2038 vel
2430 1980 2633 2064 ίρήϊαι

349 2068 481 2124 Gsf.
539 2066 747 2142 ἱέρεια)
785 2064 884 2146 F.)
930 2065 1106 2143 ἱρεῖαι
1162 2064 1557 2140 reponendum
1596 2061 1809 2138 fuisse,
1864 2071 1926 2123 ut
1979 2084 2109 2141 cap.
2148 2073 2219 2123 55
2272 2065 2460 2144 ἱρεῖαι
2524 2089 2629 2146 pro

346 2151 534 2228 ῗρειαι
562 2150 750 2208 Bekk.
795 2147 1132 2227 (ίὲρειαιῈ.
1175 2142 1365 2226 ἰρήΐαι
1393 2149 1459 2211 S.
1490 2149 1621 2206 Gef.
1669 2145 1798 2228 al..)
1836 2179 1923 2194 --
1997 2148 2073 2206 ΙΙ.
2118 2155 2189 2208 54
2230 2149 2433 2228 ἱρείας
2474 2155 2630 2210 Bek-

345 2235 520 2292 kerus
555 2232 676 2308 jam
718 2239 876 2290 recte
915 2233 1204 2291 substituit
1245 2232 1392 2290 male
1432 2232 1671 2308 vulgato
1714 2232 1915 2310 ἷρηΐας
1956 2226 2091 2305 (δύο
2135 2241 2420 2315 γυναῖκες
2466 2238 2627 2316 ἷρηΐ-

346 2321 446 2391 ας)
487 2336 618 2376 nam
669 2316 805 2374 illud
851 2318 1044 2396 ἱρείας
1085 2315 1368 2394 praebent
1408 2308 1580 2374 codd.
1621 2316 1691 2373 F.
1736 2318 1806 2376 P.
1846 2317 1927 2376 Κ.

515 2403 706 2470 Quum
763 2408 954 2461 autem
996 2409 1192 2460 notum
1235 2403 1344 2473 sit,
1401 2402 1459 2458 in
1504 2402 1829 2458 universum
1874 2402 2237 2459 statuendum
2285 2421 2456 2478 esse,
2514 2425 2623 2464 no-

343 2485 496 2545 mina
539 2487 594 2545 in
637 2493 682 2546 ’ᾶ
719 2507 926 2565 purum
981 2487 1068 2546 vel
1111 2487 1170 2543 in
1215 2508 1292 2562 ρα
1337 2485 1657 2544 desinentia
1697 2485 1890 2543 hoc*
1856 2509 1895 2546 α
1938 2487 2275 2563 productum
2320 2487 2621 2564 habuisse,

341 2571 588 2649 ideoque
631 2589 701 2630 ex
742 2572 1115 2632 Herodoteae
1173 2570 1404 2627 dialecti
1446 2569 1669 2628 ratione
1712 2577 1773 2628 et
1814 2570 1870 2627 in
1914 2571 2261 2628 nominativo
2308 2577 2368 2628 et
2416 2573 2473 2629 in
2524 2594 2622 2632 ac-

342 2659 598 2715 cusativo
644 2663 972 2715 constanter
1013 2659 1070 2716 in
1113 2653 1156 2734 ’ἡ
1197 2661 1258 2713 et
1291 2654 1377 2733 ᾗ
1412 2655 1715 2712 terminata
1752 2653 1962 2730 fuisse,
1997 2660 2161 2730 patet
2200 2674 2316 2712 non
2360 2653 2499 2734 ipso
2548 2660 2621 2715 ab

338 2739 642 2798 Herodoto
685 2742 948 2814 profecta
989 2759 1118 2798 esse
1164 2757 1310 2815 quae
1342 2741 1473 2796 cod.
1504 2739 1568 2794 S.
1600 2738 1888 2813 praebuit:
1932 2738 1971 2795 Ι.
2002 2743 2077 2796 80
2116 2736 2300 2799 ἰδέαν.
2346 2743 2455 2798 196
2500 2741 2621 2803 ἐτέ-

341 2845 476 2899 ραν.
526 2822 599 2880 ΙΙ.
641 2826 713 2880 38
757 2824 934 2900 ζημία
973 2823 1071 2887 IV.
1115 2825 1185 2881 72
1225 2825 1460 2883 nuatum.
1508 2824 1609 2881 127
1656 2822 1869 2882 Ιστίαν.
1927 2827 2032 2881 133
2072 2821 2385 2901 ὑμετέραν.
2434 2824 2502 2884 V.
2554 2831 2621 2885 17

344 2907 768 2968 Μακεδονίαν.
826 2938 910 2950 -—
977 2910 1035 2962 et
1073 2907 1202 2968 cod.
1248 2906 1304 2965 b.
1345 2908 1393 2966 I.
1438 2913 1503 2966 11
1562 2899 1879 2984 ‹inor-§pam
1942 2907 2113 2965 codd.
2156 2909 2216 2966 S.
2262 2909 2331 2970 V.
2395 2909 2497 2966 ΙΙΙ.
2551 2915 2619 2968 59

332 2985 590 3069 ’Υδρέαν
627 3006 735 3065 pro
767 2987 996 3063 vulgato
1029 2983 1282 3070 ’Τδρέην
1325 2992 1599 3069 (Θυρέαν
1641 2991 1711 3050 Ρ.
1754 2991 1833 3053 Κ.
1869 2990 1941 3047 F.
2006 2991 2247 3072 Θυρέην
2286 2993 2423 3050 edd.
2468 3000 2614 3051 vett.

339 3093 464 3131 cum
514 3073 595 3132 Μ.
639 3091 693 3130 a.
741 3073 796 3130 b.
844 3073 948 3143 d..)
1019 3075 1148 3137 cod.
1193 3075 1261 3132 F.
1313 3075 1441 3134 VH.
1484 3079 1557 3134 28
1600 3063 1817 3136 ουσίαν
1872 3081 1933 3132 et
1975 3075 2106 3133 Vll.
2158 3080 2263 3136 170
2307 3079 2615 3138 Σικελίαν.

337 3159 504 3226 Quae
549 3155 738 3216 omnia
793 3162 853 3215 et
893 3157 1023 3215 huic
1071 3159 1274 3218 similia
1319 3161 1392 3232 (I.
1439 3165 1547 3220 120
1594 3151 2073 3238 α’γγεῖιιαφορους
2116 3159 2247 3222 Ald.
2290 3161 2355 3216 S.
2396 3161 2455 3220 b.
2510 3163 2613 3224 ΙΙΙ.

337 3245 404 3300 75
447 3234 803 3322 ἐγενεαλόγει
856 3243 986 3301 cod.
1037 3263 1085 3304 c.
1142 3264 1249 3323 pro
1307 3246 1541 3320 vulgato
1584 3242 2034 3324 ἐγενεηλόγησε)
2090 3263 2241 3302 nunc
2280 3251 2443 3302 tecte
2484 3247 2613 3304 sine

333 3325 714 3387 haesitatione
763 3327 821 3384 in
879 3329 1159 3403 integrum
1209 3330 1473 3386 restituta
1524 3333 1674 3390 sunt.
1742 3360 1815 3370 —
1915 3328 2135 3407 Τεγέην
2178 3328 2471 3405 vulgatum
2521 3338 2611 3388 est

333 3412 489 3488 apud
529 3417 786 3469 nostrum
831 3413 875 3471 Ι.
903 3415 990 3470 68.
1029 3412 1128 3470 Vl.
1159 3415 1248 3472 72.
1289 3413 1414 3472 VII.
1458 3416 1581 3471 170.
1626 3411 1723 3470 ΙΧ.
1758 3416 1830 3471 37
1874 3412 1979 3488 bis,
2026 3420 2091 3470 ut
2130 3415 2281 3490 apud
2328 3413 2496 3470 Hom
2538 3414 2613 3472 ΙΙ.

331 3495 404 3568 ΙΙ,
443 3498 550 3554 607
601 3493 812 3574 Τεγέη;
875 3503 933 3554 et
978 3495 1242 3573 All-olion
1286 3494 1431 3574 Arg.
1488 3497 1547 3568 I,
1591 3502 1695 3556 162
1754 3493 2009 3578 stybnv3
2064 3515 2409 3573 quamquam
2454 3499 2611 3574 apud

331 3579 476 3638 alios
507 3576 706 3658 Τέγεα
749 3587 808 3638 et
859 3579 1071 3661 Ἠέγεαν
1121 3587 1589 3660 proparoxytona
1628 3582 1843 3639 nostris
1892 3580 2127 3656 quidem
2170 3579 2227 3638 in
2268 3581 2613 3657 exemplari-

329 3663 437 3722 bus
478 3663 650 3738 vnlgo
692 3663 976 3740 leguntur,
1025 3665 1102 3722 cf.
1149 3665 1415 3744 Thucyd.
1458 3665 1527 3738 V,
1552 3669 1643 3724 32.
1688 3669 1777 3724 64.
1816 3669 1901 3724 74.
1947 3667 2037 3724 76·
2075 3664 2517 3740 Polyaen.I.8,
2552 3673 2605 3725 1.

328 3747 419 3817 ΙΙ,
455 3751 648 3823 3,14.
715 3749 1050 3826 Apollodor.
1097 3749 1204 3820 ΙΙΙ,
1249 3752 1299 3812 7.
1364 3747 1625 3808 Eustath.
1668 3756 1728 3807 et
1768 3749 1971 3827 Steph.
2018 3748 2157 3822 Byz.
2203 3768 2251 3805 s.
2286 3767 2352 3806 v.
2332 3786 2388 3824 .‚
2448 3752 2607 3824 apud

243 3893 258 3902 ,
329 3831 507 3904 alios,
567 3838 628 3888 ut
670 3834 826 3906 apud
870 3833 1202 3890 Pausaniam
1256 3851 1389 3890 mox
1442 3831 1655 3913 Τέγεα,
1715 3852 1849 3892 mox
1901 3830 2085 3911 Τεγέα
2128 3832 2397 3889 scribitur
2442 3833 2607 3903 (vide

328 3915 504 3990 Syllb.
569 3917 643 3972 ad
699 3915 868 3972 Paus-
912 3916 1076 3986 Vm,
1121 3938 1178 3990 p,
1221 3921 1347 3984 458)
1410 3923 1471 3976 ut
1522 3918 1771 3976 fortasse
1830 3918 1889 3976 iu
1945 3922 2189 3975 mentem
2241 3916 2345 3973 tibi
2403 3917 2606 3975 venire

325 4006 528 4076 posset
571 4005 860 4060 statuere.
935 3997 1114 4076 Τέγεα
1161 4020 1274 4056 non
1317 4003 1426 4058 nisi
1464 4003 1615 4076 apud
1665 4002 1885 4058 Ionicos
1940 4003 2255 4076 scriptores
2299 4007 2358 4058 et
2400 4002 2605 4077 epicos

325 4088 528 4154 poetas
565 4079 611 4140 ἆ
653 4099 816 4136 suum
863 4080 1030 4136 finale
1071 4084 1443 4156 produxisse,
1499 4085 1609 4141 nisi
1653 4084 1959 4142 Strabonis
2012 4085 2301 4160 quoddam
2354 4103 2603 4161 praece-

215 4181 232 4191 ·
327 4167 482 4236 ptum
539 4164 964 4219 adversaretur.
1065 4163 1118 4218 Is
1179 4165 1324 4221 enim
1372 4165 1542 4241 Vm,
1604 4187 1661 4242 p.
1710 4171 1817 4224 572
1869 4167 2011 4226 haec
2063 4167 2327 4228 tradidit:
2394 4167 2601 4247 ἐκείνη
