2784 4567
783 131 875 192 De
915 133 1160 194 dialecto
1199 133 1533 194 Hei-odolen
1572 132 1670 197 lib.
1716 131 1791 190 11.
2296 125 2419 192 105

139 299 286 356 dem
332 299 522 377 paullo
564 319 744 377 supra
779 295 1024 364 τοιοῦτό
1068 324 1124 362 τι
1151 295 1427 382 ἐπρήχθη
1471 300 1657 358 Bekk.
1700 292 1936 362 τόύτων
1978 321 2035 360 τι
2076 300 2144 361 S.
2177 299 2247 360 V.
2291 321 2419 364 τοι·-

139 377 343 445 οὖτόν
381 407 442 446 τι
483 383 616 444 Gsf.
651 383 724 444 ul.
769 415 854 430 ---
897 385 992 445 VI.
1028 389 1102 444 58
1144 389 1389 448 τοιοῦτο
1432 385 1587 461 vulg.
1623 389 1905 446 τοιοῦτον
1950 385 2015 446 S.
2053 417 2137 428 —
2179 383 2304 446 VII.
2348 391 2420 446 23

137 471 400 530 τοιοῦτο
441 487 593 530 nunc
635 469 849 546 vulgat.
887 488 1015 528 cum
1057 469 1189 530 cod.
1231 471 1304 528 F.
1347 470 1461 528 Alii
1504 489 1631 528 cum
1672 470 1736 530 S.
1779 472 2083 533 τοιοῦτον.
2147 502 2231 514 --
2294 475 2417 531 128.

134 557 396 613 τοιοῦτο
438 551 595 628 vulg.
645 557 928 616 τοιοῦτον
969 555 1032 612 S.
1072 585 1160 602 -··-
1202 560 1308 614 235
1349 548 1587 618 τοιοῧτο
1631 553 1787 628 vulg.
1828 557 2111 616 τοιοῦτον
2154 555 2241 628 8.,
2279 554 2415 614 item

133 636 305 698 Vfll.
343 641 434 699 88.
482 642 602 698 132.
644 637 742 696 lx.
769 641 858 697 47.
889 642 978 698 48.
1063 639 1184 696 Sed
1229 638 1328 697 IV.
1373 643 1443 697 99
1484 656 1632 696 nunc
1674 637 1847 714 vulgo
1885 637 2093 712 legitur
2136 642 2417 700 τοιοῦτον

135 717 194 796 ἦ
237 715 532 799 Ταυρική,
572 739 760 797 neque
800 723 964 782 aliter
1005 721 1342 800 praebuisse
1380 724 1647 783 dicuntur
1688 723 1861 784 codd.
1898 721 1961 780 S.
1996 721 2067 784 V.
2112 721 2191 788 Μ.
2234 721 2298 781 Ρ.
2338 723 2416 786 Κ.

133 806 220 864 F.
253 804 464 879 Paris„
505 812 734 864 veteres
777 813 970 866 antem
1011 807 1294 866 editiones
1333 813 1517 883 recte,
1558 814 1621 866 ut
1651 812 1813 884 puto,
1854 810 2114 870 τοιοῦτο,
2128 806 2414 864 exhibent.

135 889 328 956 Quod
371 890 524 948 enim
565 893 804 952 τοιοῦτο
846 891 1058 950 vocalis
1099 891 1142 970 ἦ
1186 898 1276 953 est
1319 896 1545 966 secuta,
1592 891 1650 948 id
1696 909 1884 965 neque
1924 890 2019 948 hic
2059 910 2245 967 neque
2284 890 2419 950 alibi

139 973 426 1032 similibus
467 975 526 1032 in
565 973 708 1032 locis
748 994 1089 1051 quemqnam
1129 976 1423 1054 impellere
1464 976 1659 1052 debet,
1700 980 1765 1032 ut
1803 974 1971 1034 finale
2010 975 2049 1036 ὗ
2088 976 2417 1038 addendum

139 1077 284 1116 esse
318 1059 618 1120 existimet.
703 1058 1106 1119 Verumtamen
1159 1061 1395 1137 aliquot.
1425 1061 1485 1118 in
1526 1061 1668 1118 locis
1712 1059 1811 1135 (ΙΙ.
1856 1064 1945 1120 46.
1999 1066 2120 1122 150.
2174 1059 2277 1120 ΙΙΙ.
2322 1061 2411 1119 27.
2482 1133 2501 1140 -

141 1146 241 1203 77.
285 1147 374 1204 85.
416 1142 486 1204 V.
531 1146 636 1202 106
673 1139 1018 1220 (τοιοῦτον,
1065 1138 1247 1224 οἷον).
1305 1144 1402 1202 VI.
1445 1150 1497 1204 3.
1552 1143 1674 1208 VII.
1714 1142 1845 1214 103)
1885 1145 2069 1202 nostri
2105 1145 2242 1204 editi
2286 1142 2415 1201 libri

137 1245 347 1284 omnes
390 1229 675 1288 τοιοῦτον
717 1229 1021 1304 exhibent,
1061 1249 1251 1312 neque
1291 1229 1599 1306 quidquam
1638 1229 1929 1286 varietatis
1970 1246 2005 1285 e
2047 1228 2216 1288 codd.
2270 1228 2412 1290 Mss.

135 1316 246 1368 est
296 1311 648 1370 adnotatum.
733 1314 854 1375 Sed
912 1331 1086 1389 quum
1141 1321 1204 1373 ut
1243 1305 1467 1374 ταύτὸν
1521 1313 1604 1370 sic
1648 1318 1709 1370 et
1749 1317 2063 1385 τοιοῦτον,
2120 1315 2413 1376 τοσοῦτον

133 1394 372 1463 »Atticae
415 1397 810 1456 consuetudini
853 1399 1285 1460 convenientius
1327 1417 1457 1459 esse
1498 1416 1647 1456 nunc
1690 1396 1813 1454 fere
1858 1402 2086 1454 constet
2126 1397 2228 1475 (cf.
2256 1394 2411 1458 Lob.

133 1476 235 1554 A&
281 1479 318 1538 l.
363 1479 401 1543 l.
489 1477 600 1537 Alii
643 1485 942 1558 utrumque
999 1483 1057 1540 in
1099 1483 1417 1540 Atticorum
1470 1481 1701 1556 scriptis
1744 1481 2049 1540 ferendum
2088 1500 2221 1540 esse
2255 1481 2411 1556 judi-

137 1554 386 1654 carimxb
454 1564 588 1622 vide
646 1564 833 1642 Popp.
893 1566 1159 1642 Thucyd.
1213 1566 1264 1641 Ι,
1307 1587 1368 1643 p.
1414 1571 1537 1626 225.
1604 1562 1814 1625 Thom.
1870 1564 2028 1640 Mag.
2082 1585 2141 1642 p.
2182 1570 2308 1638 358,
2355 1570 2409 1626 5.

131 1648 334 1707 Maitt.
448 1647 602 1724 turz)
633 1668 693 1725 p.
735 1652 808 1708 49
842 1649 962 1726 sq.)
1007 1656 1068 1708 et
1107 1645 1334 1723 τωυτό,
1386 1649 1549 1707 fibris
1592 1654 1652 1707 et
1696 1650 2092 1726 manuscriptis
2142 1654 2201 1706 et
2242 1647 2413 1706 editis

137 1737 368 1790 tantum
397 1751 473 1790 no
622 1734 755 1809 ique
784 1735 1296 1807 consentientibus,
1337 1734 1496 1810 apud
1514 1732 1868 1791 Herodotum
1902 1735 2230 1790 constanter
2268 1730 2411 1790 scri-

133 1648 784 1893 Βεηιίαιῖῗῖἔὲᾍςο
843 1818 1152 1876 viderimus
1169 1859 1190 1893 ‚
1249 1835 1439 1876 nonne
1492 1813 1858 1874 manifestum
1892 1822 1989 1873 est
2007 1855 2026 1889 ,
2079 1816 2251 1873 etiam
2288 1837 2412 1878 τοι·

137 1905 294 1962 οὖτο
345 1906 404 1958 et
445 1905 702 1970 τοσοῦτο
867 1901 1108 1962 odoteas
1161 1903 1338 1962 fuisse
1388 1901 1605 1962 formas
1650 1897 1861 1975 ubique
1904 1899 1955 1958 ei
2004 1899 2409 1976 restituendas,

131 1987 486 2062 praesertim
515 2005 684 2062 quum
713 2009 806 2048 τοι
959 1987 1326 2066 χ(Ῑιιὶὶηιεᾱειιιι
1361 1987 1425 2044 in
1459 1981 1617 2043 locis
1640 2001 1839 2043 omnes
1875 1983 2247 2062 praebuerint
2282 1984 2409 2044 libri

133 2077 205 2127 et
245 2070 311 2143 ii,
355 2072 451 2146 qui
499 2071 560 2128 in
601 2071 726 2128 aliis
773 2066 1014 2133 roverito
1168 2071 1336 2146 bent,
1391 2075 1567 2140 recte,
1592 2068 1821 2144 quidem
1866 2087 1903 2128 a
1942 2066 2227 2126 nonnullis
2284 2069 2408 2126 edi-

131 2153 362 2212 toribus
401 2161 694 2232 spretum,
739 2154 1098 2216 Atticismum
1138 2153 1584 2236 nimis-&amplexi
1628 2171 1755 2217 esse
1800 2152 2067 2212 censendi
2122 2151 2279 2227 sint,
2342 2157 2409 2210 ut

128 2239 314 2298 etiam
349 2239 546 2316 paucis
581 2239 692 2298 illis
725 2241 784 2298 in
822 2241 962 2299 locis
983 2282 1002 2316 ,
1043 2241 1139 2299 ubi
1183 2233 1549 2299 omnesxl'rbri
1573 2242 1875 2310 -tocoiitov
1916 2236 2075 2306 male,
2104 2237 2408 2296 retinuisse

127 2323 404 2380 videntur
417 2361 437 2398 ,
479 2322 876 2384 Herodoteum
917 2331 1160 2388 τοιοῦτο
1201 2322 1665 2394 substituendum
1708 2327 1838 2378 esse
1877 2327 2094 2398 pateat.

247 2459 258 2466 .
307 2407 384 2466 Et
421 2407 496 2466 de
537 2411 790 2470 τοσοῦτο
835 2410 1094 2485 quidem,
1134 2425 1476 2485 quamquam
1518 2405 1721 2464 eadem
1762 2405 1972 2462 nostris
2014 2403 2073 2461 in
2118 2404 2407 2480 exempla-

125 2491 298 2549 ribus
341 2491 593 2552 cernitur
625 2491 1042 2567 inconstantia,
1082 2493 1235 2550 idem
1271 2491 1545 2567 judicium
1586 2493 1695 2546 est.
1782 2485 1905 2550 VII.
1949 2494 2019 2546 12
2062 2484 2159 2549 ἐπὶ
2198 2490 2408 2548 τοσοῦ-

123 2598 202 2636 το
256 2575 474 2648 vulgat.
520 2574 646 2632 sine
687 2575 960 2636 adnotata
999 2576 1313 2648 varietate,
1355 2571 1467 2630 nisi
1509 2571 1667 2647 quod
1710 2570 1840 2628 cod.
1888 2571 1953 2626 S.
1994 2562 2282 2651 τοσούτῳ.
2322 2601 2410 2612 -

125 2660 186 2720 Ι.
233 2662 341 2716 124
389 2657 452 2729 ἐς
495 2661 752 2719 τοσοῦτο
799 2658 993 2717 Bekk.
1044 2659 1120 2716 al.
1165 2675 1294 2718 cum
1336 2656 1465 2714 cod.
1506 2675 1560 2714 a.
1614 2659 1905 2716 τυσοῦτον
1951 2652 2086 2710 Gsf.
2152 2686 2234 2698 --
2302 2657 2409 2712 192

126 2746 392 2804 τοσοῦτο
449 2759 602 2800 nunc
643 2740 862 2818 vulgat.
902 2759 1032 2800 cum
1073 2742 1138 2801 S.
1180 2741 1258 2806 Κ.
1297 2740 1374 2799 F.
1418 2759 1472 2800 a.
1524 2759 1578 2796 c.
1664 2738 1819 2796 Olim
1858 2738 2167 2800 τοσοῦτον.
2256 2735 2333 2796 Π.
2374 2743 2409 2796 5

133 2827 238 2890 ἐπὶ
283 2831 540 2888 τοσοῦτο
605 2843 756 2888 nunc
815 2827 972 2902 vulg.
1017 2844 1146 2890 eum
1185 2825 1256 2888 F.
1301 2846 1356 2887 a.
1444 2821 1597 2880 Olim
1642 2826 1952 2887 τοσοῦτον.
2039 2819 2140 2880 ΙΙΙ.
2186 2825 2255 2880 96
2292 2845 2406 2884 το·-

133 2917 321 2974 σοῦτο
365 2931 514 2970 nunc
552 2911 870 2985 vulg.·cum
915 2911 1042 2972 cod.
1087 2931 1144 2973 a.
1233 2909 1387 2968 Olim
1430 2911 1741 2976 τοσοῦτον.
1785 2939 1872 2952 -
1914 2911 2019 2966 113
2065 2905 2126 2979 ἐς
2152 2910 2405 2970 τοσοῦτο

131 2996 350 3070 vulgat.
377 2998 572 3057 ,τοῦτο
614 2994 685 3055 F.
731 3001 791 3054 et
825 2999 1078 3058 τοσοῦτο
1119 2996 1176 3052 in
1217 3013 1403 3068 marg.
1448 2997 1739 3060 τοσοῦτον
1770 2994 1832 3052 S.
1889 3024 1976 3034 —
2030 2989 2127 3056 IV.
2170 2996 2273 3050 143
2308 3014 2402 3054 to·

55 3099 80 3159 ’φ
137 3084 320 3142 σοῦτο
357 3081 569 3156 vulgat.
617 3082 958 3138 cumcodd.
1000 3078 1072 3140 F.
1108 3079 1151 3136 f.
1211 3083 1503 3146 τοσοῦτον
1548 3079 1611 3137 S.
1672 3073 1759 3120 -’--
1818 3081 1922 3136 160
1960 3079 2207 3138 τοσοῦτο
2252 3070 2405 3139 ὥστε

135 3165 351 3239 vulgat.
399 3167 690 3228 τοσοῦτον
735 3166 800 3228 S.
840 3165 910 3221 V.
965 3195 1056 3228 -—,-
1117 3162 1212 3226 VI.
1254 3166 1623 3232 97,τοσο’·ῦτο
1664 3179 1815 3220 nunc
1849 3158 2062 3234 vulgat.
2115 3164 2405 3222 τοσοῦτον

129 3252 227 3322 S.,
269 3249 402 3306 item
446 3252 728 3324 cap.'134.·
790 3248 911 3307 VII.
949 3252 1040 3323 16,
1089 3253 1120 3306 1
1164 3251 1423 3309 τοσοῦτο
1468 3247 1689 3321 vulgat.
1729 3263 1855 3302 cum
1894 3244 2024 3302 cod.
2055 3243 2131 3300 F·
2186 3247 2407 3306 τοσοῦ-

136 3356 244 3394 τον
285 3333 348 3390 8.
394 3365 480 3392 -.-
525 3337 617 3406 16,
657 3338 692 3390 3
735 3338 988 3394 τοσοῦτο
1033 3331 1246 3404 vulgat.
1291 3335 1588 3392 τοσοῦτον.
1624 3331 1687 3390 S.
1737 3329 1803 3386 V.
1864 3359 1952 3372 —-—
2010 3333 2113 3386 152
2154 3332 2405 3390 τοσοῦτο

129 3411 402 3496 ,τοσούπῳ
453 3417 525 3476 F.
573 3420 864 3478 τοσοῦτον.
903 3419 966 3476 8.
1007 3416 1076 3475 V.
1119 3415 1190 3480 P.
1232 3449 1316 3458 -
1359 3419 1609 3484 τοσοῦτο
1653 3431 1803 3472 nunc
1844 3412 2059 3488 vulgat.
2113 3415 2405 3476 τοσοῦτον

131 3505 224 3577 S.,
287 3502 420 3559 item
466 3520 591 3579 cap.
640 3505 762 3562 172·
805 3507 929 3566 226.
985 3499 1134 3572 VIII.
1183 3504 1273 3560 19.
1317 3504 1407 3573 68,
1448 3505 1503 3556 1.
1553 3501 1671 3558 107.
1712 3501 1835 3556 109.
1874 3504 1997 3558 125.
2048 3496 2147 3560 IX.
2192 3503 2280 3556 65.
2319 3531 2406 3540 —

131 3588 235 3645 IX.
283 3590 352 3643 18
395 3590 642 3647 τοσοῦτο
688 3585 900 3662 vulgat.
935 3604 1060 3642 cum
1097 3585 1268 3644 codd.
1310 3584 1378 3644 P.
1410 3583 1483 3644 F.
1527 3585 1816 3646 τοσοῦτον
1860 3583 1923 3642 S.
1966 3614 2053 3626 --
2092 3583 2211 3641 Sed
2252 3580 2403 3640 VIII.

129 3676 206 3730 29
247 3675 538 3732 τοσοῦτον
581 3669 755 3745 vulgo
801 3671 1020 3741 editur,
1046 3669 1155 3726 -ubi
1194 3670 1324 3733 cod.
1360 3669 1425 3730 S.
1474 3661 1737 3730 τοσούτω
1781 3665 2072 3743 praebuit,
2126 3667 2282 3744 quod
2331 3666 2405 3724 ad

133 3775 336 3814 verum
373 3758 624 3816 τοσοῦτο
671 3756 882 3814 (lucere
925 3759 1140 3830 potest.
1199 3786 1286 3796 -—
1339 3752 1441 3812 IX.
1484 3760 1551 3811 15
1596 3755 1883 3812 τοσοῦτον
1919 3751 2127 3828 vulgo,
2169 3751 2297 3808 cod.
2342 3750 2407 3808 S.

128 3859 320 3916 aeque
351 3841 738 3900 damnandum
774 3832 986 3908 οὕτως.
1079 3837 1218 3894 Aliis
1261 3837 1318 3893 in
1364 3837 1505 3896 locis
1561 3837 1633 3912 (I.
1680 3839 1801 3896 107.
1853 3840 1973 3897 178.
2018 3839 2145 3896 207.
2190 3832 2267 3893 Π.
2310 3837 2401 3892 36.

125 3926 224 3984 lV.
275 3929 363 3984 45.
413 3928 538 3982 199.
598 3924 666 3986 V.
714 3927 803 3986 16.
858 3929 942 3982 50.
1000 3920 1125 3978 Vll.
1177 3926 1300 3978 103.
1341 3919 1471 3996 153)
1512 3921 1610 3978 ubi
1652 3923 1937 3982 τοσοῦτον
1980 3920 2273 3993 vulgatum
2316 3922 2407 3973 est

121 4009 265 4068 nihil
307 4009 600 4066 varietatis
646 4016 735 4065 est
780 4009 1131 4067 adnotatum.
1219 4003 1621 4064 Verumtamen
1658 4025 1726 4063 ex
1767 4005 1859 4078 iis,
1896 4021 2043 4078 quae
2090 3999 2262 4057 modo
2307 4019 2405 4056 su-

121 4115 230 4172 pra
276 4094 541 4164 disserui,
577 4097 768 4169 patet,
805 4098 864 4150 et
901 4092 986 4149 his
1029 4094 1084 4148 in
1131 4090 1273 4148 locis
1309 4093 1564 4150 τοσοῦτο
1614 4108 1743 4148 esse
1790 4084 2199 4161 reponendum,
2246 4088 2303 4140 et
2346 4083 2405 4141 in

116 4179 266 4252 illis,
327 4183 388 4236 ut
441 4177 620 4236 solum
667 4177 1101 4250 Herodoteuin,
1160 4195 1286 4234 cum
1329 4174 1613 4255 plerisque
1658 4167 1969 4230 editoribus
2015 4166 2396 4225 retinendum.
