2784 4567
805 164 894 223 De
939 166 1178 225 dialecto
1221 164 1553 224 Herodote'a
1598 164 1694 230 lib,
1743 164 1783 222 1.
2346 166 2429 229 19

135 331 320 389 oratio
377 335 436 391 et
489 332 884 391 adnotationes
941 332 1118 409 ipsius
1169 330 1453 391 Herodoti
1506 331 1668 390 facile
1724 330 2169 408 interpolationis
2234 336 2421 411 suspi-

132 417 352 473 cionem
391 416 662 491 praebere
703 416 1002 493 potuerint.
1095 416 1226 483 Quo
1287 422 1347 474 et
1402 416 1647 494 pertinet
1708 414 1801 487 id,
1857 418 2013 490 quod
2065 415 2419 477 Ptolemaeus

127 498 322 575 Hcph.
366 498 464 557 111.
507 520 564 575 p.
607 505 710 558 314
756 500 962 573 (Gale)
1003 503 1250 574 quodam
1285 517 1355 557 ex
1404 502 1675 575 scriptore
1716 499 1922 573 retulit,
1964 502 2249 559 exordium
2295 496 2419 559 libri

128 584 298 659 primi
339 600 452 639 non
496 584 626 660 ipso
673 584 746 640 ab
779 585 1076 641 Herodoto
1118 585 1433 661 profectum
1476 602 1619 653 esse,
1664 584 1767 640 sed
1810 601 1845 641 n
1888 582 2200 642 Plesirrhoo
2232 586 2417 645 Thes-

127 666 277 742 salo,
320 666 670 741 Hymnorum
711 669 1004 745 scriptore,
1061 669 1136 725 ab
1180 668 1481 725 Herodoto
1524 668 1797 725 adamato
1850 666 2245 743 bonorumque·
2276 669 2413 727 bae-

127 751 272 807 rede
320 750 606 809 instituto:
650 746 766 827 τῆν
823 746 938 833 γαρ
991 748 1140 812 κατα
1196 746 1392 823 φύσιν
1448 746 1605 812 εἶναι
1651 752 1775 810 ταῖν
1818 746 2149 823 Ἡροδότου
2198 750 2417 831 ἱστορι-

125 836 224 893 &v
267 826 460 913 ἀρχήν
481 854 496 869 ·
523 833 810 915 Περσέων
843 834 910 895 οἵ
945 829 1142 913 λόγιοι
1181 834 1473 907 Φοίνικας
1515 833 1745 905 αἰτίους
1782 832 2071 915 γενέσθαι
2114 834 2267 909 φασὶ
2308 840 2419 914 τῆς

127 918 453 996 διαφορῆς.
541 918 720 985 Quod
749 936 920 993 quam
962 924 1173 976 temere
1214 918 1469 993 maleque
1515 920 1587 977 sit
1630 918 1979 993 disputatum
2028 920 2167 976 satis
2215 933 2417 997 snper-

125 1018 246 1076 que
294 1001 491 1059 docuit
539 998 928 1059 Dahlrnannns
961 1001 1178 1065 Herod.
1218 1019 1278 1079 p.
1320 1008 1441 1062 231.
1527 1000 1716 1059 Etiam
1738 1002 1894 1058 satis
1950 1008 2167 1061 veteres
2216 1010 2416 1062 aucto*-

123 1102 223 1143 res
263 1084 386 1141 hoc·
426 1084 744 1143 Herodotei
793 1085 980 1164 operis
1019 1086 1234 1145 initium
1269 1086 1390 1143 sine
1446 1084 1559 1143 ullo
1620 1084 1953 1161 suspicionis
2005 1086 2208 1144 indicio
2260 1105 2415 1145 com-

122 1174 604 1244 memoraverunt,
640 1167 810 1227 veluti
849 1166 1079 1236 Aristot.
1120 1168 1320 1229 Rhett.
1363 1168 1491 1226 loco
1534 1168 1651 1244 jam
1703 1164 1897 1247 supra,s
1927 1188 1987 1247 p.
2034 1176 2109 1228 11·
2153 1165 2407 1240 laudato,

123 1250 281 1308 Plut.
327 1252 403 1309 de
443 1251 626 1309 Exilio
669 1270 715 1308 c.
773 1257 854 1310 13.
940 1250 1195 1327 Luciam,
1241 1253 1527 1327 quomodo
1586 1252 1717 1309 hist.
1762 1251 2027 1311 censorii).
2086 1272 2133 1311 c.
2190 1258 2265 1312 54
2320 1252 2408 1332 (ᾖ.

122 1338 200 1393 90
248 1334 338 1393 ed.
382 1332 478 1392 Fr.
521 1332 592 1391 A.
637 1334 838 1410 Wolf.)
904 1333 1174 1393 Aristides
1218 1334 1380 1393 Orat.
1424 1334 1495 1393 11.
1538 1353 1598 1413 p.
1640 1338 1761 1394 381.
1816 1336 1906 1391 ed.
1948 1335 2114 1393 Jebb.

297 1417 470 1474 Aliud
506 1417 623 1491 jam
665 1417 1106 1493 interpolationis
1147 1437 1328 1494 genus
1360 1424 1493 1476 sunt
1526 1417 1737 1477 scholia
1764 1422 1823 1478 et
1856 1418 2227 1493 glossemata,
2260 1436 2410 1493 quae

124 1520 198 1559 eo
241 1502 588 1575 frequentius
635 1500 691 1557 in
733 1508 947 1559 textum
995 1504 1172 1559 nostri
1220 1502 1508 1577 scriptoris
1550 1520 1655 1579 pro
1695 1501 1950 1575 genuinis
1990 1503 2173 1559 verbis
2230 1503 2411 1579 irrep-

123 1586 266 1641 sisse
307 1584 690 1660 exspectanda¹
732 1591 885 1655 sunt,
930 1603 1045 1659 quo
1082 1586 1262 1659 magis
1305 1602 1433 1642 eum
1480 1585 1709 1660 proprie
1748 1585 2143 1659 glossematico
2184 1585 2407 1642 dicendi

125 1686 334 1743 genere
374 1686 538 1725 usum
585 1684 712 1724 esse
765 1674 987 1725 constat
1007 1669 1068 1741 ¹⁶²)
1085 1708 1106 1739 ,
1160 1674 1219 1724 et
1277 1685 1392 1741 qno
1460 1668 1704 1725 crebrius
1757 1666 2139 1742 lexicographi
2194 1674 2411 1723 veteres

125 1752 400 1809 dictiones
450 1768 754 1823 earumque
793 1750 1189 1827 explicationes
1231 1768 1301 1807 ex
1352 1749 1813 1807 Herodoteornm
1868 1749 2011 1807 Mss.
2064 1749 2413 1823 marginibus

125 1834 214 1892 vel
271 1852 342 1891 ex
407 1834 814 1891 commentariis
886 1833 944 1890 in
997 1850 1132 1891 suos
1183 1832 1354 1889 libros
1398 1831 1839 1907 transscripsisse
1896 1830 2404 1909 deprehenduntur.
2500 1838 2511 1842 ’

123 1916 320 1993 Atque
360 1914 722 1995 Apollonium
765 1918 1184 1991 grammaticum
1237 1916 1569 1992 peculiarem
1634 1915 1829 1973 librum
1892 1914 2216 1992 inscriptum
2274 1914 2409 1993 ἐξη·

122 1998 336 2081 γῆσεις
369 2003 659 2081 γλωσσῶν
689 1994 1021 2078 Ἡροδότου
1065 2001 1469 2075 composuisse,
1514 1999 1667 2057 haud
1706 2006 1914 2057 temere
1950 1999 2227 2058 credimus
2262 1998 2407 2076 Ety-

125 2085 397 2160 mologo,
448 2084 544 2159 qui
589 2102 714 2141 eum
759 2085 980 2141 indicat·
1018 2090 1074 2141 et
1113 2083 1371 2141 exscribit
1413 2082 1519 2141 sub
1566 2083 1707 2140 voci.
1759 2078 1971 2155 κωφδς
2013 2088 2075 2141 et
2113 2078 2411 2160 σοφιστής

125 2170 233 2243 (cf.
277 2173 562 2247 praeterea
613 2166 816 2237 Praefi,
837 2168 1239 2241 wesselingii).
1313 2165 1521 2241 Neque
1584 2179 1736 2225 nnnc
1785 2168 2027 2241 quidem·
2065 2167 2227 2225 deest
2280 2168 2411 2225 telis

123 2253 440 2326 glossarum
484 2251 934 2309 Herodotearum
971 2250 1224 2309 collectio
1245 2269 1317 2308 ex
1350 2252 1466 2308 ori's
1507 2248 1761 2309 codicum
1804 2254 2216 2327 excerptorum,
2260 2265 2409 2325 quale

123 2356 250 2393 rum
287 2354 548 2416 numerus
598 2334 782 2393 multis
831 2336 950 2392 aliis
991 2336 1294 2413 praecipue
1346 2353 1380 2391 e
1430 2335 1555 2395 cod.
1601 2334 1663 2391 Ρ.·
1712 2334 2034 2411 repetendis
2073 2336 2312 2392 necdum
2344 2335 2413 2391 in·

120 2440 252 2477 eam
303 2420 490 2477 relatis
545 2420 740 2493 augeri
769 2425 975 2495 potest.
1075 2416 1280 2491 Neque
1335 2417 1561 2473 minoris
1624 2434 1751 2474 esse
1801 2417 1967 2492 pretii
2018 2414 2123 2471 has
2184 2416 2415 2489 glossas

122 2520 300 2577 quam
359 2520 508 2577 qnae
559 2503 713 2578 apud
765 2502 999 2560 Snidam
1061 2500 1314 2573 aliosque
1367 2506 1585 2556 veteres
1644 2498 2072 2572 lexicographos
2116 2498 2401 2571 leguntur,

119 2587 212 2644 vel
271 2602 342 2643 ex
385 2604 456 2642 eo
499 2590 679 2661 patet,
725 2586 904 2661 quod,
949 2588 1014 2640 ut
1055 2584 1226 2639 modo
1259 2582 1393 2655 dixi,
1443 2582 1533 2637 isti
1576 2580 1685 2637 hoc
1723 2597 1790 2635 ex
1826 2581 1981 2636 fonte
2014 2580 2235 2654 saepius
2265 2578 2407 2635 han-

119 2674 344 2739 serunt,
385 2668 628 2741 ideoque
669 2667 892 2743 saepius
934 2666 1166 2723 eaedem
1199 2663 1425 2740 glossae
1466 2670 1524 2721 et
1572 2662 1662 2720 hic
1708 2667 1767 2719 et
1820 2660 1935 2719 illic
1976 2660 2173 2718 iisdem
2226 2662 2415 2720 verbis

119 2753 372 2829 scriptae
411 2755 731 2812 cernuntur.
2010 2813 2015 2817 ,

299 2835 343 2892 1.
387 2838 488 2893 128
537 2826 886 2914 α’νέγνωσαν
919 2850 934 2866 ·
972 2824 1296 2892 α’νέπεισαν
1345 2830 1531 2888 Schol.
1586 2830 1641 2886 in
1698 2826 1758 2891 P.
1822 2828 2003 2902 (unde
2044 2826 2255 2885 Suidae
2302 2828 2402 2885 ab·

123 2921 332 2977 erratio
367 2937 410 2975 s.
463 2937 515 2975 v.
561 2915 848 2993 μετεῖναι)
899 2918 1004 2975 179
1023 2909 1415 2993 α’ναισιμοὸθη
1460 2914 1650 2971 Gloss.
1694 2914 1747 2969 in
1787 2910 1845 2967 Ρ.
1874 2910 2146 2997 ἕχοΐσθη,
2190 2910 2402 2987 ἐξεφο-

125 2998 320 3082 ρήθη,
366 2996 650 3079 α’νετὲθη,
689 3006 1167 3062 πλινθευθεῐσα.
1198 2998 1263 3061 ἐν
1299 2996 1505 3069 ἄλλοις
1551 2994 1597 3075 ἦ
1633 2995 1782 3067 λέξις
1823 2998 2101 3073 σημαίνει
2146 2988 2403 3070 η’νύσθη

124 3088 230 3147 καὶ
293 3078 678 3162 ἐδαπανήθη.
736 3089 838 3143 193
887 3084 1280 3162 κηλωνηΐοισι
1328 3081 1518 3141 Schol.
1583 3082 1639 3137 in
1694 3078 1755 3140 P.
1800 3079 2131 3159 γερανίοις,
2181 3076 2249 3137 eit
2287 3080 2411 3137 τοῦ

125 3176 338 3247 πηλοῦ.
385 3170 455 3227 ll.
498 3174 568 3227 25
617 3168 882 3247 ἐλεεινῆς
923 3168 1110 3224 Gloss.
1163 3168 1218 3223 in
1252 3165 1312 3222 P.
1345 3168 1599 3241 θερμῆς.
1652 3167 1721 3221 37
1760 3160 2078 3222 πατέονται
2122 3160 2307 3218 Gloss.
2344 3164 2401 3218 in

129 3254 192 3312 P.
247 3261 304 3313 et
357 3255 412 3311 d.
457 3247 752 3333 γεύονται.
843 3259 904 3310 11
955 3250 1359 3329 ρηχίη.ῥ“ιχίη
1402 3248 1469 3306 F.
1526 3253 1585 3305 et
1638 3247 1695 3303 in
1748 3246 1999 3320 margine
2046 3244 2217 3322 ῥἰχίη
2260 3238 2403 3322 αὔχ-

127 3332 266 3414 μᾶς.
349 3342 420 3396 42
471 3330 731 3397 ἐνδύντα
777 3329 848 3396 τό
905 3330 1097 3407 νάκος
1132 3376 1146 3390 .
1183 3332 1370 3412 δέρμα
1426 3332 1598 3409 gloss·
1665 3330 1723 3387 in
1791 3327 1855 3387 Ρ.
1948 3332 2017 3385 65
2076 3328 2405 3405 μελεδωνοί

129 3420 298 3495 gloss.
345 3420 404 3477 in
450 3418 508 3475 P.
553 3418 920 3498 φροντισταί.
984 3421 1054 3477 93
1099 3410 1541 3488 οἷνακοὶπτουσι,
1590 3413 1760 3488 gloss,
1800 3412 1856 3470 in
1892 3410 1963 3468 P.
1990 3412 2401 3472 κατεσθίουσὶ.

131 3508 233 3563 106
300 3498 531 3583 σκευήν
581 3496 990 3581 (κατασκευήν
1057 3500 1118 3559 S.
1175 3500 1244 3558 V.
1314 3500 1406 3573 d.)
1469 3491 1769 3574 ὁπλισμόν
1821 3494 1990 3571 gloss.
2056 3496 2112 3552 in
2168 3494 2229 3553 P.
2299 3492 2407 3557 107

129 3590 480 3669 περινῆσαι,
527 3588 695 3663 gloss.
740 3588 796 3645 in
836 3586 900 3645 P.
946 3588 1258 3665 σωρεῦσαι.
1330 3587 1431 3643 108
1472 3574 1811 3658 τισάμενος,
1862 3579 2031 3653 gloss.
2094 3579 2150 3635 in
2203 3578 2267 3637 P.
2313 3601 2402 3639 τι·

131 3667 584 3750 μωρησοὶμενος.
649 3678 770 3743 121,
819 3678 854 3729 2
904 3664 1019 3731 οὐκ
1075 3660 1342 3741 α’νὶέναι,
1393 3667 1571 3750 gloss,
1629 3663 1799 3721 in'P.
1849 3662 2211 3747 ἕνδιδοῦναι.
2278 3662 2400 3731 121,

131 3762 166 3814 4
197 3752 609 3835 ἀπαμμένους,
660 3756 830 3830 gloss.
883 3755 940 3811 in
975 3753 1035 3810 P.
1089 3749 1522 3833 κρεμαμένους.
1586 3754 1687 3805 122
1754 3739 2181 3827 συγκυβεύειν,
2227 3745 2402 3802 schol.

131 3840 188 3897 in
233 3840 295 3897 P.
339 3839 748 3911 συνταυλὶζειν
799 3838 917 3894 sive
966 3838 1389 3915 συνταβλίζειν.
1470 3836 1567 3897 123
1607 3828 1982 3909 περιήλυσιν,
2026 3830 2202 3905 glos&
2248 3828 2305 3883 in
2337 3826 2401 3885 Ρ.

134 3922 372 3999 ἔφοδον,
425 3916 692 4002 πόρειαν.
751 3928 850 3981 125
896 3921 1218 3999 συρμαίην,
1262 3919 1431 3994 gloss.
1482 3918 1537 3973 in
1576 3915 1636 3973 P.
1683 3920 1739 3972 et
1789 3914 1869 3975 Μ.
1910 3908 2070 3984 εἶδος
2103 3913 2399 3970 azanoth·-

267 4106 314 4169 *)
353 4104 473 4165 Quo
509 4103 574 4155 de
610 4119 800 4169 genere
835 4101 957 4153 vide
994 4100 1162 4152 coelii
1198 4098 1477 4165 Rhodigini
1512 4098 1650 4149 lectt.
1693 4093 1894 4158 antiqq.
1944 4086 2093 4140 xm.
2144 4100 2189 4135 c.
2241 4082 2294 4146 43
2340 4084 2404 4135 de

134 4172 522 4243 glossographis
554 4178 658 4225 etc.
691 4170 882 4269 ibidem
932 4188 986 4239 p.
1019 4166 1121 4220 572
1153 4186 1234 4237 sq.
1270 4166 1537 4233 (editionis
1576 4162 1755 4223 1599).
1998 4221 2032 4256 *

1928 4287 1995 4349 2.
