2784 4567
396 136 479 202 18
711 178 726 187 κ
1007 139 1100 201 De
1145 140 1386 201 dialecto
1442 141 1775 203 Herodotea
1826 143 1917 202 lib.
1958 140 2000 201 1.

394 312 502 387 put
549 309 716 385 (117)
753 323 787 365 a
831 307 1160 383 quibusdam
1201 309 1382 368 doctis
1417 309 1545 365 viris
1582 310 1830 387 spurium
1862 326 1985 367 esse
2016 308 2305 378 babitum3
2348 325 2507 385 qnae
2560 310 2716 382 qui-

289 469 296 475 ·
399 392 532 450 dem
573 391 833 468 suspicio,
868 392 986 465 jam
1035 391 1108 449 ab
1149 392 1266 451 aliis
1310 398 1527 451 remota
1570 395 1731 468 (vide
1788 394 2060 470 lnterppr.
2118 394 2210 451 ad.
2254 394 2309 453 b.
2358 391 2495 461 loc„
2524 424 2627 435 —
2654 400 2723 449 et

398 476 475 533 de
517 476 887 552 discrepantia
931 478 1244 549 argumenti
1287 476 1621 554 Cypriorum
1670 478 1967 535 carminum
2012 478 2157 535 inter
2210 477 2591 535 Herodotum
2657 484 2723 533 et

399 557 658 617 Proclum
707 560 777 615 cf.
824 556 1194 633 Henrichsen‚
1243 560 1317 619 de
1357 561 1688 619 carminibus
1742 562 1963 639 Cypriis
2017 582 2072 637 p.
2128 565 2185 635 7,
2235 564 2307 621 27
2370 568 2427 617 et
2488 561 2719 637 impri-

397 642 503 699 mis
545 663 602 722 p.
653 647 723 700 50
761 659 886 718 sqq.
951 641 1156 717 Heyne
1196 644 1271 701 ad
1313 643 1382 702 Jl.
1427 643 1523 701 Vl.
1566 648 1670 703 290
1712 665 1767 721 p.
1810 650 1919 705 254
1964 662 2052 719 sq.
2103 644 2176 704 T.
2231 642 2359 719 V.),
2400 663 2529 702 non
2576 661 2720 701 ma-

393 725 533 801 joris
573 734 664 785 cst
704 725 1005 795 momenti,
1047 744 1216 801 quam
1261 724 1607 785 Valckenarii
1649 730 1872 806 opinio,
1936 728 2109 787 verba
2162 726 2252 784 illa
2300 730 2382 800 (c.
2430 729 2585 801 116)
2644 726 2713 788 ἐν

399 803 744 887 Διομήδεος
792 808 1062 891 detorsi„
1121 809 1360 869 delenda
1402 830 1561 883 esse3
1616 830 1763 887 quae
1804 812 1896 869 Fr.
1960 810 2027 869 Δ.
2073 810 2313 869 Wolfius
2370 810 2715 887 (Prolegg.

402 918 462 977 p.
505 898 639 970 108)
683 892 910 973 egregie
949 892 1199 970 pluribus
1249 895 1517 971 exemplis
1559 895 1739 953 allatis
1795 894 2163 953 confirmavit.
2218 896 2282 951 Si
2324 892 2505 969 igitur
2548 895 2713 951 istos

401 981 742 1061 posteriores
784 974 928 1036 duos
976 977 1132 1034 locos
1175 979 1250 1035 ad
1279 978 1737 1055 interpolatorem
1770 972 2051 1053 quendam
2085 978 2337 1036 retuleris
2370 983 2713 1051 auctorem,

405 1085 586 1140 eaque
627 1065 704 1121 de
745 1079 914 1119 causa
963 1078 1030 1118 ex
1079 1055 1411 1141 Herodoteo
1467 1068 1730 1120 contextu
1774 1063 2030 1138 ejeceris,
2088 1068 2190 1119 aut
2238 1061 2472 1137 saltem,
2528 1064 2713 1139 quod

408 1144 744 1207 Schaefe'rus
781 1145 898 1219 jam
941 1144 1092 1217 fecit,
1139 1145 1292 1202 uncis
1341 1145 1643 1217 incluseris,
1683 1152 2017 1225 perpetuum
2058 1146 2526 1225 aptissimumque
2564 1164 2711 1203 ora-

407 1232 576 1291 tionis
621 1248 821 1305 nexum
863 1232 1059 1285 nostro
1105 1225 1379 1287 restitues.

575 1312 898 1373 Nitzschius
927 1329 1058 1370 vero
1089 1312 1194 1386 (ad
1229 1311 1437 1389 Odyss.
1472 1312 1543 1373 T.
1579 1311 1627 1387 Ι,
1658 1333 1715 1391 p.
1748 1319 1851 1373 255
1896 1310 2095 1391 Not),
2113 1312 2212 1388 qui
2233 1312 2461 1388 quidem
2485 1312 2605 1371 bos
2636 1331 2711 1371 ex

411 1400 674 1477 Odyssea
717 1397 927 1475 petitos
971 1394 1126 1453 locos
1169 1397 1322 1473 apud
1364 1402 1621 1455 nostrum
1662 1398 1906 1470 retinuit,
1951 1398 2309 1455 Herodotum
2350 1397 2556 1455 statuit
2598 1397 2709 1454 im-

343 1472 358 1480 ”
410 1501 712 1543 memorem
753 1480 1087 1539 Homericae
1129 1480 1461 1539 narrationis
1505 1480 1650 1555 (Od.
1696 1480 1793 1540 ΙΙΙ.
1836 1486 1943 1541 288
1997 1479 2151 1557 sqq.)
2214 1481 2511 1557 opinatum
2572 1466 2707 1537 esse

411 1576 615 1647 sponte
665 1569 723 1623 et
764 1563 1020 1621 consulto
1067 1564 1382 1623 Menelaum
1431 1565 1726 1640 navigasse
1760 1565 1819 1623 in
1851 1563 2191 1643 Aegyptum.
2254 1562 2461 1641 Neque
2502 1572 2711 1623 tamen

412 1652 721 1730 quidquam
786 1648 897 1705 hoc
959 1648 1033 1705 ad
1109 1654 1358 1707 nostram
1428 1648 1762 1707 sententiam
1826 1649 2273 1725 redarguendam
2332 1648 2501 1716 facit3
2566 1666 2709 1705 nam

411 1736 630 1799 etiamsi
661 1731 796 1791 illud
838 1730 938 1789 tibi
972 1730 1296 1804 concedam,
1344 1731 1721 1794 immemorem
1763 1730 1906 1792 illius
1948 1732 2056 1791 loci
2098 1732 2270 1790 fuisse
2296 1732 2705 1800 Herodotum3
2764 1754 2766 1799 i

412 1839 604 1888 nonne
631 1824 819 1875 tamen
835 1816 957 1896 ipse
974 1816 1034 1872 in
1055 1816 1417 1891 sequentibus
1436 1816 1546 1875 hoc
1565 1816 1915 1893 respexisset,
1937 1814 2045 1890 vel,
2068 1821 2131 1873 ut
2153 1813 2259 1874 alia
2268 1816 2397 1893 jam
2408 1835 2593 1893 supra
2606 1834 2706 1874 ex-

414 1906 604 1983 posita
639 1894 872 1971 taceam,
908 1899 963 1955 in
993 1900 1270 1976 prioribus
1299 1898 1641 1958 indicasset?
1678 1898 2021 1957 Scholiastes
2053 1900 2281 1974 quidem
2312 1898 2707 1983 in'bypothesi

415 1988 496 2045 ad
538 1984 823 2061 Euripidis
864 1979 1138 2051 Helenam
1183 1983 1342 2053 dixit,
1387 1982 1765 2057 Herodotum,
1808 1982 1975 2043 etiam
2022 1975 2333 2043 Homerum
2380 1984 2707 2062 navigatio-

416 2089 567 2149 nem·
592 2066 860 2150 Hele-nae⁸
891 2064 948 2124 in
992 2064 1312 2145 Aegyptum
1357 2064 1717 2144 cognovisse,
1770 2066 2169 2144 probaturum,
2230 2086 2300 2127 eo
2351 2086 2519 2134 usum
2576 2086 2707 2125 esse

419 2143 781 2231 documento,
824 2150 980 2225 quod
1025 2144 1303 2209 Homerus
1344 2150 1404 2208 in
1451 2150 1712 2227 Odyssea
1762 2150 2037 2209 Helenam
2090 2152 2312 2209 fecisset
2353 2150 2705 2221 Telemacho

419 2234 785 2316 praebentem
841 2234 1336 2305 medicamentum,
1387 2235 1755 2311 aegritudinis
1815 2234 2145 2293 oblivionem
2200 2235 2438 2293 afferens
2452 2276 2475 2304 ,
2536 2236 2705 2308 quod

419 2322 474 2379 ei
517 2319 866 2397 Poly-damna
913 2316 1133 2375 Thonis
1177 2336 1318 2376 uxor
1367 2318 1635 2377 dedisset.
1721 2320 1842 2377 Sed
1882 2320 1928 2376 si
1979 2337 2177 2377 revera
2226 2318 2315 2379 bic
2370 2314 2705 2377 scholiastes

421 2405 544 2483 ipse
585 2402 940 2461 Herodotum
984 2402 1258 2479 inspexit,
1329 2402 1681 2479 negligenter
1735 2401 1845 2460 hoc
1890 2403 2044 2475 fecit,
2084 2421 2258 2479 quum
2300 2407 2702 2481 praeterquam

423 2489 582 2566 quod
623 2506 740 2547 non
782 2486 1018 2559 addidit,
1063 2504 1302 2562 quocum
1351 2494 1411 2545 et
1452 2506 1566 2563 qua
1622 2487 1977 2563 navigatione
2017 2486 2236 2565 Helena
2274 2486 2333 2545 in
2374 2482 2705 2563 Aegyptum

420 2574 695 2651 venisset,
741 2570 866 2649 ipso
919 2570 1180 2648 primario
1233 2568 1359 2629 loco
1418 2570 1536 2645 (Jl.
1590 2570 1688 2629 vl.
1747 2573 1882 2644 289)
1938 2571 2145 2629 omisso
2204 2576 2264 2629 et
2314 2568 2408 2627 illo
2462 2588 2531 2629 ex
2586 2570 2703 2628 Od.

420 2658 529 2719 IV.
571 2662 697 2729 351,
737 2654 970 2712 alterum
1008 2660 1225 2712 tantum
1275 2674 1345 2713 ex
1388 2652 1506 2713 Od.
1550 2654 1650 2714 lv.
1694 2658 1797 2714 227
1845 2654 2129 2725 attulerit;
2170 2662 2346 2730 atque
2398 2652 2508 2711 hoc
2560 2654 2699 2712 nihil

427 2738 583 2797 aliud
625 2736 906 2812 declarat,
946 2754 1113 2810 quam
1130 2777 1149 2808 ,
1197 2737 1256 2793 id
1290 2738 1449 2813 quod
1491 2756 1606 2795 non
1653 2738 1771 2812 jam
1813 2738 2022 2799 mireris
2040 2780 2059 2809 ,
2116 2736 2211 2795 illo
2270 2738 2389 2812 jam
2445 2741 2701 2815 tempore

426 2822 573 2882 male
611 2821 850 2878 insertos
893 2820 1063 2877 fuisse
1102 2819 1256 2877 locos
1298 2822 1439 2879 istos
1497 2838 1567 2877 ex
1609 2818 1869 2897 Odyssea
1916 2823 2143 2899 petitos.
2208 2821 2329 2879 Sed
2376 2820 2549 2897 ipsius
2578 2821 2697 2881 He-

427 2904 620 2963 rodoti
667 2906 840 2977 atque
890 2902 1115 2961 omnino
1157 2901 1298 2959 illius
1337 2902 1606 2980 temporis
1650 2904 1929 2980 opinioni,
1973 2905 2142 2964 etiam
2182 2904 2238 2962 in
2281 2901 2565 2981 Euripidis
2616 2906 2697 2962 fa-

429 2989 593 3060 bula,
635 3004 782 3063 quae
821 2983 1044 3043 Helena
1077 2986 1410 3057 inscribitur,
1440 2986 1641 3045 obviae
1670 2994 1990 3065 repugnant
2022 2988 2099 3045 illi
2132 3007 2201 3046 ex
2234 2986 2496 3064 Odyssea
2528 2988 2692 3047 sumti

429 3070 562 3149 loci,
611 3087 758 3149 qnos
803 3068 960 3128 nullo
1009 3069 1182 3127 modo
1225 3068 1411 3128 afferri
1446 3088 1618 3147 posse
1658 3068 1851 3149 patet,
1898 3064 1967 3128 si'
1986 3070 2205 3130 Helena
2248 3072 2491 3129 creditur
2550 3091 2693 3131 nun-

434 3172 606 3231 quam
657 3150 874 3212 venisse
921 3152 1013 3211 ‘ad
1064 3152 1382 3231 Trojanos,
1436 3154 1537 3212 sed
1592 3154 1841 3219 εἴδωλον
1894 3152 2145 3215 Graecos
2195 3154 2508 3234 decepisse3
2571 3156 2692 3213 vide

433 3239 583 3298 Plat.
625 3237 864 3297 Phaedr.
907 3242 1014 3298 243
1054 3234 1122 3295 A.
1167 3256 1290 3295 cum
1339 3234 1617 3316 Interppr.
1668 3240 1742 3298 de
1782 3238 2027 3317 Republ.
2069 3239 2170 3299 lx.
2226 3244 2329 3299 586
2377 3240 2444 3297 C.
2500 3236 2692 3299 Aristi-

438 3324 542 3383 des
584 3321 868 3464 Oratibll.
909 3342 969 3401 p.
1011 3325 1116 3381 359
1169 3321 1397 3399 (Jebb.)
1482 3322 1743 3383 Eustath.
1802 3324 1879 3381 ad
1930 3323 2101 3383 Hom.
2155 3323 2230 3388 Jl.
2287 3317 2339 3404 y'
2392 3342 2451 3401 p.
2502 3326 2691 3384 3012—-

438 3410 543 3467 39⁷
585 3414 644 3465 et
683 3407 756 3463 ai
796 3406 832 3464 i.
879 3436 963 3449 -

607 3489 700 3550 De
745 3507 1009 3569 perversa
1055 3489 1345 3568 opinione,
1386 3510 1459 3551 ex
1507 3510 1619 3570 qua
1668 3491 1880 3551 libellus
1932 3492 2057 3565 iste,
2110 3491 2245 3568 βίος
2292 3482 2559 3571 Ὀμήρου
2617 3492 2687 3549 in·

439 3576 700 3655 scriptus,
742 3575 910 3633 etiam
961 3575 1033 3634 ab
1079 3574 1485 3651 antiquioribus
1527 3576 1900 3652 grammaticis
1952 3576 2055 3651 (cf.
2101 3574 2257 3634 Suid.
2314 3594 2359 3633 s.
2416 3592 2465 3632 v.
2505 3568 2688 3653 ‘'Opin-

443 3683 550 3743 ρος
571 3701 737 3719 ......
777 3653 1100 3739 Ἡρόδοτος
1141 3658 1179 3721 o‘
1221 3657 1523 3739 ἱστορικὸς
1549 3660 1775 3739 ἔγραψε
1823 3661 1961 3736 βίον
1995 3655 2291 3737 Ὁμήρου)
2319 3663 2513 3717 nostro
2558 3659 2689 3717 male

442 3745 759 3822 adscriptus
817 3745 919 3821 sit,
971 3743 1126 3802 haud
1167 3762 1314 3822 opus
1362 3762 1487 3803 esse
1543 3745 1767 3805 videtur
1816 3743 1925 3802 hoc
1984 3742 2109 3801 loco
2150 3760 2463 3837 exponere,
2530 3760 2687 3818 quum

443 3849 594 3889 nunc
636 3828 862 3905 quidem
905 3828 960 3886 in
1003 3827 1204 3887 eodem
1247 3848 1435 3888 errore
1475 3830 1700 3887 credam
1742 3826 1950 3887 versari
1990 3826 2151 3885 facile
2181 3827 2466 3885 neminem.
2584 3825 2591 3833 ’

615 3914 764 3973 Sunt
828 3913 1056 3990 quidem
1119 3904 1209 3969 alii
1262 3914 1433 3972 etiam
1483 3914 1557 3971 ab
1610 3912 1729 3971 aliis
1785 3910 1965 3970 doctis
2017 3908 2147 3969 viris
2211 3908 2518 3969 addubitati
2575 3910 2685 3979 loci,

441 4001 520 4059 de
565 3997 770 4075 quibus
810 3996 930 4072 jam
969 3997 1301 4070 interpretes
1349 3997 1462 4053 suis
1508 3994 1567 4054 in
1614 3996 1749 4055 locis
1789 3998 2187 4073 exposuerunt,
2237 3992 2413 4069 qualis
2438 3999 2519 4051 est
2546 3992 2685 4053 locus

443 4082 536 4145 IV.
588 4089 674 4143 32.
724 4080 793 4139 F.
844 4079 913 4138 A.
959 4078 1169 4137 Wolfio
1223 4077 1515 4156 (Prolegg.
1558 4100 1613 4158 p.
1665 4084 1795 4152 157)
1842 4084 2168 4157 suspectus3
2209 4078 2313 4136 sed
2352 4095 2533 4135 omnes
2582 4076 2687 4134 illos

449 4168 567 4227 siue
605 4167 822 4235 idoneis
867 4162 1046 4254 causis
1083 4165 1253 4224 credo
1295 4164 1353 4222 in
1395 4164 1783 4245 suspicionem*
1805 4165 2086 4225 adductos
2127 4179 2279 4239 esse,
2331 4179 2495 4241 quum
2532 4178 2683 4242 saepe
