2784 4567
755 145 839 199 De
885 140 1126 201 dialecto
1167 140 1503 200 Herodotea
1546 141 1644 201 lib.
1690 141 1761 202 Π.
2272 141 2393 204 115

121 309 470 388 emplaribus
533 309 774 368 eandem
839 310 1090 386 regulam
1151 310 1501 388 plerumque
1545 316 1741 368 secuta
1794 314 2135 386 cernantur,
2198 319 2387 372 tamen

117 396 278 471 apud
311 394 672 452 Herodotum
726 399 788 452 ut
822 399 1154 453 constanter
1195 393 1366 474 πέριξ
1406 395 1491 452 sic
1530 387 1723 476 πάρεξ
1762 401 1823 453 et
1860 403 1993 454 ante
2034 396 2283 454 vocalem
2328 404 2388 455 et

117 483 258 536 ante
301 498 612 538 consonam
661 484 718 537 et
755 481 1108 555 praepositio
1149 485 1210 536 et
1249 479 1583 538 adverbium
1632 478 1894 537 omnibus
1936 481 1993 537 in
2037 479 2196 537 libris
2243 483 2386 538 scri-

115 563 274 620 bitur
315 561 377 622 I.-
402 567 491 622 14.
536 567 624 620 93.
665 566 768 622 192
797 563 902 624 bis.
944 562 1018 621 ΙΙ.
1060 568 1114 622 4.
1163 568 1252 622 31.
1293 568 1397 622 168
1425 563 1531 622 bis.
1573 562 1675 621 ΙΙΙ.
1720 568 1808 626 67.
1850 567 1937 622 91.
1972 566 2058 622 97.
2103 569 2221 624 106.
2264 569 2384 625 117.

75 655 242 706 ·122.
299 646 396 705 IV.
439 651 508 704 46
573 646 674 724 (cf.
723 646 972 723 Etymol.
1013 647 1170 722 Mag.
1229 668 1278 706 s.
1329 667 1384 703 v.
1430 641 1639 722 πάρεξ
1704 647 2013 707 Herodian.
2058 648 2197 724 περὶ
2242 673 2379 725 μον.

115 731 228 805 λέξ.
275 753 332 808 Ρ.
363 737 432 790 25
475 729 745 809 (Dind.))
799 731 896 794 IV.
931 737 1020 790 82.
1071 731 1138 788 V.
1181 734 1232 791 7.
1274 737 1362 792 31.
1400 736 1491 793 66.
1534 730 1655 789 Vll.
1696 739 1786 790 52.
1825 735 1915 790 87.
1958 735 2082 792 196.
2126 731 2279 790 VIII.
2326 741 2381 794 2.

115 822 206 874 48.
251 820 340 875 73.
384 816 464 872 Et
502 814 836 873 adverbium
867 814 910 878 Ι.
931 821 1037 873 130
1077 809 1266 894 πάρεξ
1299 841 1338 895 η
1384 836 1547 877 οσον.
1582 849 1666 858 —
1694 817 1772 873 Et
1812 813 2003 895 πέριξ,
2046 823 2283 876 accentu
2324 819 2381 875 in

113 900 562 977 antepenultima
604 901 795 976 posito
839 900 936 972 (cf.
986 900 1298 958 Herodian.
1335 899 1473 981 περὶ
1516 923 1650 979 μον.
1697 897 1811 972 ug.
1850 920 1909 977 p.
1954 905 2025 958 46
2060 894 2228 980 πέριξ
2267 898 2381 979 μό·
2452 891 2461 898 ’

115 1007 225 1046 νον
268 978 614 1083 βαρύνεται.
675 983 986 1062 Appollon.
1039 985 1114 1042 de
1154 983 1427 1043 Pronom.
1466 986 1523 1043 in
1564 983 2235 1062 Bekk.Anec‹1.11,-.p
2278 992 2384 1045 554

114 1063 275 1142 ἅπαξ
306 1063 632 1150 βαρύνεται
667 1069 770 1128 καὶ
811 1066 1003 1148 πέριξ)
1049 1087 1175 1126 cum
1219 1071 1473 1144 genitivo
1516 1073 1903 1128 constructum
1944 1069 2122 1127 habes
2164 1069 2210 1131 Ι
2260 1074 2381 1130 179.

113 1154 184 1213 11.
210 1157 302 1213 91.
355 1153 452 1222 IV.
483 1159 637 1228 152.,
681 1171 808 1209 cum
851 1156 1179 1210 accusativo
1225 1152 1272 1216 Ι.
1317 1158 1439 1216 196.
1483 1153 1557 1213 Π.
1601 1157 1689 1213 29.
1732 1151 1831 1211 ΠΙ.
1877 1158 1997 1212 158.
2041 1153 2140 1213 IV.
2178 1161 2264 1216 15.
2306 1157 2380 1213 36

111 1237 236 1314 (ubi
287 1237 570 1315 particula
621 1259 684 1297 τε
740 1237 954 1294 omissa
998 1237 1172 1296 verba
1212 1233 1384 1315 πέριξ
1442 1261 1554 1316 την
1596 1239 1712 1318 γῆν
1766 1239 2165 1312 conjungenda
2214 1236 2379 1314 suut)

111 1320 206 1382 IV.
247 1329 338 1380 52.
384 1325 470 1381 79.
514 1325 634 1380 180.
685 1321 754 1378 V.
799 1327 920 1379 115.
1008 1321 1357 1378 Adverbium
1406 1321 1506 1387 III.
1551 1328 1670 1380 155.
1730 1319 1795 1379 V.
1838 1324 1925 1383 87.
1978 1319 2104 1379 VII.
2144 1327 2234 1380 41.
2290 1355 2377 1367 —-

109 1405 420 1470 Praeterea
454 1425 560 1482 pro
597 1407 734 1485 περί
782 1404 876 1468 IV.
919 1411 956 1464 8
1008 1407 1066 1463 in
1115 1406 1361 1481 vulgatis
1399 1408 1589 1464 verbis
1632 1400 1741 1468 τὸν
1784 1403 1847 1466 δὲ
1884 1398 2177 1468 Ὠκεανὸν
2218 1402 2375 1490 λόγῳ

111 1489 214 1565 μὲν
258 1489 502 1572 λέγουσι
552 1521 640 1536 --·
691 1512 808 1572 γην
849 1489 986 1568 περὶ
1029 1493 1232 1551 πᾶσαν
1283 1490 1473 1567 ῥέειν,
1536 1491 1762 1548 censuit
1801 1489 2137 1565 Bernhardy
2180 1493 2255 1549 ad
2300 1491 2373 1549 D.

113 1575 174 1634 P.
215 1597 277 1653 p.
323 1581 426 1634 855
479 1581 679 1632 nostro
725 1572 896 1654 πέριξ
937 1575 1160 1632 restitui
1196 1593 1372 1652 posse
1416 1595 1485 1633 ex
1532 1575 1723 1632 verbis
1756 1574 2039 1632 Eustathii
2081 1575 2157 1631 ad
2194 1575 2264 1632 D.
2306 1575 2373 1637 P.

109 1679 192 1718 vs.
237 1666 339 1719 41:
386 1654 454 1730 ὃς
485 1650 530 1734 (‘
539 1652 886 1736 Ηρόδοτος)
933 1681 1046 1718 ουκ
1089 1651 1440 1735 ἀποδέχεται
1479 1680 1626 1729 τους
1667 1652 2020 1739 γράφοντας
2065 1652 2171 1719 τὸν
2212 1649 2373 1719 Ὠκε-

113 1767 260 1806 ανον
300 1742 458 1820 ῥέειν
495 1740 667 1821 πέριξ
705 1747 812 1818 τῆς
853 1745 989 1822 γῆς.
1048 1743 1166 1799 Sed
1211 1743 1477 1818 equidem
1507 1742 1737 1799 omuino
1780 1759 1932 1814 nego
1970 1741 2067 1797 illa
2093 1739 2377 1799 Eustatbii

109 1829 284 1886 verba
319 1829 394 1886 ad
438 1830 611 1885 istum
651 1828 836 1884 locum
884 1826 1004 1900 (lv.
1038 1824 1103 1905 8)
1145 1826 1453 1884 referenda
1500 1844 1659 1897 esse,
1703 1823 1917 1900 quippe
1960 1825 2021 1880 in
2066 1843 2183 1900 quo
2222 1824 2375 1884 nulla

106 1914 263 1970 verbi
302 1909 566 1994 γράφειν
611 1912 825 1969 mentio
868 1913 944 1969 sit
983 1909 1167 1980 facta;
1209 1929 1322 1968 nec
1363 1912 1583 1986 magis,
1640 1908 1861 1966 etiamsi
1906 1908 1978 1966 ab
2016 1908 2120 1966 hac
2163 1911 2373 1967 utrius-

106 2013 214 2071 que
272 1997 384 2055 loci
446 1995 900 2054 dissimilitudine
955 1995 1227 2067 recedas,
1290 1993 1577 2052 Eustathii
1630 1989 1803 2071 πέριξ
1854 1997 1959 2070 τῆς
2017 1997 2129 2074 γῆς
2182 1995 2372 2053 valere

104 2101 276 2157 posse
321 2081 568 2139 arbitror
609 2081 686 2138 ad
716 2080 1010 2138 Herdotea
1045 2085 1160 2160 γῆν
1189 2079 1327 2157 περὶ
1355 2098 1563 2138 πασαν
1606 2075 1765 2158 ῥέειν
1807 2077 2161 2154 refingenda,
2198 2099 2371 2155 quam

103 2165 194 2222 IV.
239 2171 337 2241 36,
373 2184 544 2242 quem
585 2165 658 2223 ad
703 2163 888 2222 locum
929 2166 1217 2242 respicere
1258 2163 1619 2220 Eustatbium
1659 2161 2019 2220 manifestum
2064 2163 2201 2221 mihi
2236 2183 2371 2222 esse

102 2251 361 2325 videtur,
401 2251 474 2308 ad
512 2249 800 2324 vulgatum
852 2249 1231 2307 accusativum
1274 2246 1447 2326 πέριξ
1488 2245 1599 2325 τήν
1642 2249 1759 2327 γῆν
1810 2247 1869 2304 in
1907 2247 2217 2322 genitivum
2258 2253 2369 2327 τῆς

101 2339 248 2413 γῆς,
290 2334 362 2392 ab
404 2334 706 2392 Eustatbio
752 2333 1080 2406 exhibitum,
1123 2332 1473 2393 mutandum.
1556 2331 1749 2388 Etiam
1790 2333 1942 2407 quod
1984 2327 2173 2411 πάρεξ
2214 2333 2371 2408 apud

100 2424 356 2477 nostrum
417 2419 745 2476 constanter
795 2421 1190 2492 paroxytouon
1249 2417 1523 2492 scriptum
1576 2415 1861 2471 invenitur
1881 2453 1902 2488 ‚
1960 2416 2124 2472 unice
2173 2435 2368 2474 verum

100 2521 232 2562 esse
275 2503 544 2576 videtur,
572 2501 630 2557 si
665 2497 814 2556 valet
851 2499 1206 2574 quorundam
1246 2506 1505 2555 veterum
1546 2499 2037 2572 grammaticorum
2074 2497 2222 2556 ratio
2266 2500 2368 2569 (cf.

99 2584 351 2662 Etymol.
390 2584 546 2656 Mag.
589 2602 638 2640 s,
679 2600 732 2643 v,
775 2580 964 2659 παρέξ
999 2603 1060 2658 Ρ.
1109 2586 1237 2653 652,
1283 2579 1381 2657 39)
1424 2581 1505 2637 ita
1544 2579 2031 2655 distinguentium,
2077 2586 2139 2636 ut
2180 2604 2265 2640 πα
2270 2583 2371 2662 ρεξ

98 2672 174 2728 sit
213 2668 569 2746 praepositio
612 2664 814 2723 eodem
853 2685 968 2740 quo
995 2665 1176 2742 χωρίς
1205 2663 1567 2739 siguificatu‚‘
1598 2663 1785 2744 παρέξ
1810 2669 2003 2720 autem
2035 2665 2369 2724 adverbium

98 2753 250 2810 idem
291 2751 482 2809 valens
525 2748 684 2825 quod
715 2741 913 2823 ἐκτόςς
958 2765 1300 2824 quamquam
1341 2749 1499 2824 quod
1542 2749 1669 2824 quis
1706 2749 1956 2806 fortasse
1998 2749 2261 2826 conjiciat
2294 2770 2365 2810 ex

101 2835 207 2895 hac
236 2835 608 2894 distinctione
636 2833 789 2910 apud
816 2833 1175 2892 Herodotum
1212 2831 1260 2896 Ι.
1289 2837 1397 2890 130
1430 2831 1613 2912 παρὲξ
1654 2827 1699 2910 ἢ
1741 2853 1892 2896 οσον
1932 2833 2364 2894 rescribendum

103 2939 263 2995 esse,
317 2939 435 2978 uon
493 2917 894 2979 concesserim.
982 2917 1254 2975 Ceterum
1307 2918 1441 2974 vide
1480 2917 1740 2977 Eustatb.
1784 2918 1861 2975 ad
1898 2916 2071 2974 Hom.
2110 2913 2263 2992 11.‚2‘
2303 2941 2359 2998 p.

106 3006 204 3063 732
241 3030 326 3059 :2
360 3008 484 3065 625.
547 3001 700 3065 Lob.
737 3001 950 3078 Phryn.
987 3023 1047 3080 p.
1090 3006 1212 3064 414.
1269 3002 1494 3079 Spitzu.
1538 3004 1612 3060 ad
1657 3001 1721 3060 Il.
1754 3001 1858 3078 lx,
1902 3003 1935 3060 7
2013 2998 2240 3066 Scbaet'.
2286 3005 2361 3063 ad

108 3086 283 3162 Greg.
333 3088 470 3147 Cor.
510 3107 568 3163 p.
597 3092 684 3145 21.
733 3085 935 3150 Baehr.
969 3087 1044 3144 ad
1077 3086 1302 3144 Herod.
1345 3085 1447 3144 ΙΙΙ.
1489 3090 1577 3146 97.

267 3171 572 3238 Quomodo
615 3172 800 3228 nostri
843 3172 1156 3248 scriptores
1201 3170 1275 3227 de
1311 3171 1553 3229 Graecis
1596 3171 1857 3228 dialectis
1899 3189 2073 3247 saepe
2108 3189 2223 3228 non
2266 3191 2361 3228 sa·-

103 3255 172 3312 tis
213 3256 500 3328 distincte,
542 3273 728 3331 neque
768 3257 906 3314 satis
935 3256 1108 3332 plena
1147 3257 1505 3331 expositione
1547 3257 1745 3313 addita
1771 3260 2081 3332 praecepta
2106 3255 2361 3328 tulerint,

102 3356 267 3412 quum
309 3358 382 3396 ex
421 3340 544 3398 aliis
583 3339 776 3398 multis
815 3339 958 3397 locis
999 3339 1302 3416 apparebit
1346 3339 1438 3414 iis,
1481 3342 1576 3416 qui
1620 3348 1817 3397 eorum
1860 3338 2075 3413 scripta
2116 3337 2361 3414 diligen-
2396 3408 2404 3417 .

98 3422 204 3480 tius
243 3427 593 3498 tractarunt,
647 3427 768 3482 tum
812 3424 982 3481 etiam
1028 3441 1096 3481 ex
1139 3424 1463 3500 praeceptis
1500 3425 1573 3482 de
1614 3423 1819 3480 litteris
1864 3422 2216 3498 quorundam
2257 3443 2357 3480 vo·

100 3505 415 3565 cabalorum
469 3502 629 3566 initio
687 3507 1006 3566 adimendis
1063 3512 1164 3564 aut
1219 3507 1501 3564 addendis
1552 3508 1704 3565 latis.
1790 3507 1945 3564 Nam
1986 3505 2167 3582 Greg.
2216 3508 2355 3568 Cor.

105 3588 156 3646 d.
194 3592 249 3652 d.
295 3591 420 3693 Iop.
467 3611 526 3669 Ρ.
564 3595 670 3650 447
713 3593 801 3649 sic
832 3592 1034 3649 docet:
1077 3613 1170 3653 οτι
1211 3613 1283 3651 τα
1325 3593 1533 3670 πρῶτα
1581 3585 1899 3668 φωνήεντα
1936 3597 2190 3670 στοιχεῖα
2233 3596 2355 3652 τῶν

103 3671 306 3746 λέξεων
339 3669 750 3753 ἆφαιροννιαι
787 3676 850 3736 οἱ
870 3671 1102 3747 ”·Ιωνες
1149 3675 1395 3750 ἐκεῖνος,
1444 3683 1661 3747 κεῖνος.
1710 3674 1901 3754 ἐχθές,
1946 3675 2103 3753 χθές.
2152 3669 2353 3776 ἑορτή,

109 3750 264 3837 ὅρτή.
346 3761 428 3818 Et
463 3761 860 3835 grammaticus
893 3760 1240 3817 Meermann.
1271 3779 1326 3836 p.
1364 3765 1471 3820 654
1518 3761 1600 3821 Αἱ
1636 3753 1989 3839 ἀφαιρέσεις
2031 3765 2150 3821 τῶν
2195 3755 2355 3838 πρώ-

107 3863 218 3902 των
255 3845 554 3946 στοιχείων
591 3848 711 3906 τῶν
745 3838 1082 3918 ὀνομάτων,
1117 3838 1361 3904 Ἰώνων.
1412 3841 1543 3906 οἷον
1591 3846 1837 3916 ἐκεῖνος,
1885 3851 2103 3914 κεῖνος.
2153 3840 2354 3918 ἑορτή.

107 3916 260 4003 ὅρτή.
328 3921 523 4007 ἱερᾶς,
577 3921 728 4008 ιρός.
817 3927 916 3984 Sic
963 3928 1134 3983 eliam
1193 3935 1487 4003 grammat.
1530 3930 1848 4005 Augustan.
1906 3950 1942 4004 p
2003 3931 2124 3990 669.
2228 3925 2353 3980 Pri-

107 4026 246 4067 mum
302 4012 478 4088 igitur
518 4013 848 4090 aphaeresis
908 4017 966 4068 et
1007 4013 1184 4069 erasis
1221 4013 1484 4086 (κεῖνος,
1542 4006 1728 4094 tiqui,
1785 4008 1945 4089 ἴρός)
2005 4010 2077 4065 ab
2134 4009 2243 4065 illis
2296 4008 2354 4063 in

106 4110 262 4152 unum
293 4114 474 4172 genus
516 4095 1072 4172 comprehenduntur
1113 4097 1675 4174 consummaturque,
1718 4095 1927 4156 deinde
1964 4111 2037 4146 ne
2074 4109 2187 4146 uno
2228 4092 2357 4166 qui-

106 4175 224 4234 dem
265 4182 442 4238 verbo
475 4181 900 4260 significarunt,
945 4180 1150 4256 quibus
1179 4179 1388 4243 Ionicis
1426 4180 1803 4258 scriptoribus
1844 4191 2127 4256 quamque
2166 4191 2355 4230 earum

1808 4251 1901 4314 8*
