<?xml version="1.0" encoding="UTF-8"?>
<!DOCTYPE html PUBLIC "-//W3C//DTD XHTML 1.0 Transitional//EN"
    "http://www.w3.org/TR/xhtml1/DTD/xhtml1-transitional.dtd">
<html xmlns="http://www.w3.org/1999/xhtml" xml:lang="en" lang="en">
 <head>
  <title>
</title>
<meta http-equiv="Content-Type" content="text/html;charset=utf-8" />
  <meta name='ocr-system' content='tesseract 3.04.00' />
  <meta name='ocr-capabilities' content='ocr_page ocr_carea ocr_par ocr_line ocrx_word'/>
</head>
<body>
  <div class='ocr_page' id='page_1' title='image "./quaestionumcrit00unkngoog_0109.png"; bbox 0 0 2784 4567; ppageno 0'>
   <div class='ocr_carea' id='block_1_1' title="bbox 753 83 2387 194">
    <p class='ocr_par' dir='ltr' id='par_1_1' title="bbox 753 83 2387 194">
     <span class='ocr_line' id='line_1_1' title="bbox 753 83 2387 194; baseline 0.002 -4"><span class='ocrx_word' id='word_1_1' title='bbox 753 127 846 190; x_wconf 85' lang='lat' dir='ltr'><strong>De</strong></span> <span class='ocrx_word' id='word_1_2' title='bbox 885 129 1134 192; x_wconf 76' lang='lat' dir='ltr'><strong>dialecto</strong></span> <span class='ocrx_word' id='word_1_3' title='bbox 1173 129 1513 194; x_wconf 76' lang='lat' dir='ltr'><strong>Herodoten</strong></span> <span class='ocrx_word' id='word_1_4' title='bbox 1552 131 1649 192; x_wconf 75' lang='lat' dir='ltr'>lib.</span> <span class='ocrx_word' id='word_1_5' title='bbox 1694 131 1766 192; x_wconf 90' lang='lat'><strong>11.</strong></span> <span class='ocrx_word' id='word_1_6' title='bbox 2138 83 2164 116; x_wconf 55' lang='lat'><strong><em>⁹</em></strong></span> <span class='ocrx_word' id='word_1_7' title='bbox 2298 129 2387 194; x_wconf 77' lang='lat'><strong>95</strong></span> 
     </span>
    </p>
   </div>
   <div class='ocr_carea' id='block_1_2' title="bbox 123 235 2393 1716">
    <p class='ocr_par' dir='ltr' id='par_1_2' title="bbox 125 235 2393 796">
     <span class='ocr_line' id='line_1_2' title="bbox 129 235 2393 398; baseline -0.001 -40"><span class='ocrx_word' id='word_1_8' title='bbox 129 295 248 358; x_wconf 78' lang='grc' dir='ltr'><strong><em>δον</em></strong></span> <span class='ocrx_word' id='word_1_9' title='bbox 287 292 438 370; x_wconf 83' lang='lat' dir='ltr'>vulg.</span> <span class='ocrx_word' id='word_1_10' title='bbox 491 291 666 375; x_wconf 72' lang='grc' dir='ltr'><strong><em>ἔρδον</em></strong></span> <span class='ocrx_word' id='word_1_11' title='bbox 709 295 776 361; x_wconf 87' lang='lat' dir='ltr'><strong>F.</strong></span> <span class='ocrx_word' id='word_1_12' title='bbox 821 315 873 354; x_wconf 79' lang='grc'><strong>8.</strong></span> <span class='ocrx_word' id='word_1_13' title='bbox 963 297 1152 358; x_wconf 70' lang='lat' dir='ltr'><strong>Etiam</strong></span> <span class='ocrx_word' id='word_1_14' title='bbox 1207 319 1321 377; x_wconf 84' lang='lat' dir='ltr'><strong>pro</strong></span> <span class='ocrx_word' id='word_1_15' title='bbox 1369 300 1519 358; x_wconf 68' lang='lat' dir='ltr'><strong>maie</strong></span> <span class='ocrx_word' id='word_1_16' title='bbox 1570 299 1801 398; x_wconf 69' lang='lat' dir='ltr'><strong>vulgato</strong></span> <span class='ocrx_word' id='word_1_17' title='bbox 1854 298 2097 379; x_wconf 64' lang='grc' dir='ltr'><strong><em>ἔρδεσκε</em></strong></span> <span class='ocrx_word' id='word_1_18' title='bbox 2146 235 2271 360; x_wconf 87' lang='lat' dir='ltr'>VII.</span> <span class='ocrx_word' id='word_1_19' title='bbox 2314 305 2393 360; x_wconf 69' lang='grc'><strong>33</strong></span> 
     </span>
     <span class='ocr_line' id='line_1_3' title="bbox 129 378 2385 458; baseline 0.003 -22"><span class='ocrx_word' id='word_1_20' title='bbox 129 379 430 438; x_wconf 77' lang='lat' dir='ltr'><strong>Bekkerus</strong></span> <span class='ocrx_word' id='word_1_21' title='bbox 471 384 632 438; x_wconf 85' lang='lat' dir='ltr'><strong>recte</strong></span> <span class='ocrx_word' id='word_1_22' title='bbox 675 378 910 458; x_wconf 75' lang='grc' dir='ltr'><strong><em>ἔρδεσκε</em></strong></span> <span class='ocrx_word' id='word_1_23' title='bbox 949 383 1216 441; x_wconf 82' lang='lat' dir='ltr'><strong>restituit.</strong></span> <span class='ocrx_word' id='word_1_24' title='bbox 1271 413 1360 426; x_wconf 90' lang='grc'><strong>--</strong></span> <span class='ocrx_word' id='word_1_25' title='bbox 1430 383 1587 441; x_wconf 87' lang='grc' dir='ltr'><strong>Ν11111</strong></span> <span class='ocrx_word' id='word_1_26' title='bbox 1638 385 1699 442; x_wconf 85' lang='lat' dir='ltr'><strong>in</strong></span> <span class='ocrx_word' id='word_1_27' title='bbox 1754 383 1987 442; x_wconf 80' lang='lat' dir='ltr'>Homeri</span> <span class='ocrx_word' id='word_1_28' title='bbox 2040 384 2385 446; x_wconf 70' lang='lat' dir='ltr'>carminibus</span> 
     </span>
     <span class='ocr_line' id='line_1_4' title="bbox 129 461 2386 546; baseline 0.001 -23"><span class='ocrx_word' id='word_1_29' title='bbox 129 461 326 546; x_wconf 70' lang='grc' dir='ltr'><strong><em>ἔρδειν</em></strong></span> <span class='ocrx_word' id='word_1_30' title='bbox 360 480 434 519; x_wconf 79' lang='lat' dir='ltr'><strong>au</strong></span> <span class='ocrx_word' id='word_1_31' title='bbox 469 462 666 542; x_wconf 77' lang='grc' dir='ltr'><strong><em>ἔρδειν</em></strong></span> <span class='ocrx_word' id='word_1_32' title='bbox 699 467 912 522; x_wconf 86' lang='lat' dir='ltr'><strong>rectius</strong></span> <span class='ocrx_word' id='word_1_33' title='bbox 947 466 1310 524; x_wconf 86' lang='lat' dir='ltr'><strong>scribendum</strong></span> <span class='ocrx_word' id='word_1_34' title='bbox 1349 467 1465 541; x_wconf 81' lang='lat' dir='ltr'><strong>sit,</strong></span> <span class='ocrx_word' id='word_1_35' title='bbox 1505 485 1653 524; x_wconf 83' lang='lat' dir='ltr'><strong>nuuc</strong></span> <span class='ocrx_word' id='word_1_36' title='bbox 1700 487 1815 524; x_wconf 87' lang='lat' dir='ltr'><strong>non</strong></span> <span class='ocrx_word' id='word_1_37' title='bbox 1854 485 2088 544; x_wconf 74' lang='lat' dir='ltr'><strong>quaero.</strong></span> <span class='ocrx_word' id='word_1_38' title='bbox 2176 467 2241 524; x_wconf 87' lang='lat' dir='ltr'><strong>ln</strong></span> <span class='ocrx_word' id='word_1_39' title='bbox 2284 486 2386 526; x_wconf 82' lang='lat' dir='ltr'><strong>so</strong></span> 
     </span>
     <span class='ocr_line' id='line_1_5' title="bbox 127 539 2385 628; baseline 0.003 -24"><span class='ocrx_word' id='word_1_40' title='bbox 127 547 272 605; x_wconf 86' lang='lat' dir='ltr'><strong>risto</strong></span> <span class='ocrx_word' id='word_1_41' title='bbox 307 539 482 624; x_wconf 65' lang='grc' dir='ltr'><strong><em>ἔρξαν</em></strong></span> <span class='ocrx_word' id='word_1_42' title='bbox 526 547 586 604; x_wconf 90' lang='lat' dir='ltr'><strong>in</strong></span> <span class='ocrx_word' id='word_1_43' title='bbox 625 547 770 605; x_wconf 86' lang='lat' dir='ltr'><strong>locis</strong></span> <span class='ocrx_word' id='word_1_44' title='bbox 797 549 969 607; x_wconf 89' lang='lat' dir='ltr'><strong>modo</strong></span> <span class='ocrx_word' id='word_1_45' title='bbox 1007 568 1182 628; x_wconf 75' lang='lat' dir='ltr'><strong>supra</strong></span> <span class='ocrx_word' id='word_1_46' title='bbox 1209 551 1455 608; x_wconf 77' lang='lat' dir='ltr'><strong>laudatis</strong></span> <span class='ocrx_word' id='word_1_47' title='bbox 1482 549 1593 608; x_wconf 87' lang='lat' dir='ltr'><strong>leni</strong></span> <span class='ocrx_word' id='word_1_48' title='bbox 1622 551 1826 628; x_wconf 78' lang='lat' dir='ltr'><strong>spiritu</strong></span> <span class='ocrx_word' id='word_1_49' title='bbox 1855 551 2155 610; x_wconf 84' lang='lat' dir='ltr'><strong>scribendo</strong></span> <span class='ocrx_word' id='word_1_50' title='bbox 2184 570 2385 610; x_wconf 81' lang='lat' dir='ltr'><strong>omnes</strong></span> 
     </span>
     <span class='ocr_line' id='line_1_6' title="bbox 124 627 2386 733; baseline 0.004 -46.011"><span class='ocrx_word' id='word_1_51' title='bbox 124 631 527 704; x_wconf 84' lang='lat' dir='ltr'><strong>consentiunt,</strong></span> <span class='ocrx_word' id='word_1_52' title='bbox 588 647 926 733; x_wconf 75' lang='lat' dir='ltr'><strong>quamquam</strong></span> <span class='ocrx_word' id='word_1_53' title='bbox 983 634 1144 698; x_wconf 86' lang='lat' dir='ltr'><strong>Suid</strong></span> <span class='ocrx_word' id='word_1_54' title='bbox 1199 654 1258 696; x_wconf 83' lang='lat' dir='ltr'><strong>s.</strong></span> <span class='ocrx_word' id='word_1_55' title='bbox 1303 654 1357 693; x_wconf 86' lang='lat' dir='ltr'><strong>v.</strong></span> <span class='ocrx_word' id='word_1_56' title='bbox 1414 627 1615 715; x_wconf 63' lang='lat' dir='ltr'><strong>stoan}</strong></span> <span class='ocrx_word' id='word_1_57' title='bbox 1670 635 1909 694; x_wconf 77' lang='lat' dir='ltr'><strong>tradidit</strong></span> <span class='ocrx_word' id='word_1_58' title='bbox 1962 630 2031 698; x_wconf 75' lang='grc' dir='ltr'><strong>τὸ</strong></span> <span class='ocrx_word' id='word_1_59' title='bbox 2088 633 2155 698; x_wconf 75' lang='grc' dir='ltr'><strong>δὲ</strong></span> <span class='ocrx_word' id='word_1_60' title='bbox 2215 633 2386 711; x_wconf 63' lang='grc' dir='ltr'><strong><em>ἔρξας</em></strong></span> 
     </span>
     <span class='ocr_line' id='line_1_7' title="bbox 125 707 1304 796; baseline 0.004 -20"><span class='ocrx_word' id='word_1_61' title='bbox 125 709 204 777; x_wconf 75' lang='grc' dir='ltr'><strong>τὸ</strong></span> <span class='ocrx_word' id='word_1_62' title='bbox 235 709 470 793; x_wconf 74' lang='grc' dir='ltr'><strong><em>πράξας</em></strong></span> <span class='ocrx_word' id='word_1_63' title='bbox 515 713 746 788; x_wconf 73' lang='grc' dir='ltr'><strong><em>δασέως</em></strong></span> <span class='ocrx_word' id='word_1_64' title='bbox 787 707 1304 796; x_wconf 75' lang='grc' dir='ltr'><strong><em>οἷναγινῶσκομεν.</em></strong></span> 
     </span>
    </p>

    <p class='ocr_par' dir='ltr' id='par_1_3' title="bbox 125 797 2389 1545">
     <span class='ocr_line' id='line_1_8' title="bbox 295 797 2387 900; baseline 0.002 -44"><span class='ocrx_word' id='word_1_65' title='bbox 295 799 416 856; x_wconf 85' lang='lat' dir='ltr'><strong>Sed</strong></span> <span class='ocrx_word' id='word_1_66' title='bbox 457 797 584 856; x_wconf 76' lang='lat' dir='ltr'><strong>aliis</strong></span> <span class='ocrx_word' id='word_1_67' title='bbox 634 800 690 856; x_wconf 91' lang='lat' dir='ltr'><strong>in</strong></span> <span class='ocrx_word' id='word_1_68' title='bbox 735 800 1024 859; x_wconf 75' lang='lat' dir='ltr'><strong>vocabulis</strong></span> <span class='ocrx_word' id='word_1_69' title='bbox 1072 820 1411 900; x_wconf 74' lang='lat' dir='ltr'><strong>quamquam</strong></span> <span class='ocrx_word' id='word_1_70' title='bbox 1452 800 1636 880; x_wconf 83' lang='lat' dir='ltr'><strong>prima</strong></span> <span class='ocrx_word' id='word_1_71' title='bbox 1690 821 1889 860; x_wconf 87' lang='lat' dir='ltr'><strong>eorum</strong></span> <span class='ocrx_word' id='word_1_72' title='bbox 1941 801 2153 860; x_wconf 71' lang='lat' dir='ltr'><strong>vocalis</strong></span> <span class='ocrx_word' id='word_1_73' title='bbox 2195 799 2387 860; x_wconf 83' lang='lat' dir='ltr'><strong>Iouice</strong></span> 
     </span>
     <span class='ocr_line' id='line_1_9' title="bbox 125 882 2385 962; baseline 0.004 -22"><span class='ocrx_word' id='word_1_74' title='bbox 125 887 344 942; x_wconf 71' lang='lat' dir='ltr'><strong>mutata</strong></span> <span class='ocrx_word' id='word_1_75' title='bbox 381 887 491 954; x_wconf 83' lang='lat' dir='ltr'><strong>est,</strong></span> <span class='ocrx_word' id='word_1_76' title='bbox 532 882 764 959; x_wconf 83' lang='lat' dir='ltr'><strong>spiritus</strong></span> <span class='ocrx_word' id='word_1_77' title='bbox 804 902 978 962; x_wconf 76' lang='lat' dir='ltr'><strong>asper</strong></span> <span class='ocrx_word' id='word_1_78' title='bbox 1013 892 1079 947; x_wconf 88' lang='lat' dir='ltr'><strong>ut</strong></span> <span class='ocrx_word' id='word_1_79' title='bbox 1123 887 1180 942; x_wconf 87' lang='lat' dir='ltr'><strong>in</strong></span> <span class='ocrx_word' id='word_1_80' title='bbox 1207 885 1424 961; x_wconf 82' lang='lat' dir='ltr'><strong>vulgari</strong></span> <span class='ocrx_word' id='word_1_81' title='bbox 1454 904 1717 944; x_wconf 81' lang='lat' dir='ltr'><strong>sermone</strong></span> <span class='ocrx_word' id='word_1_82' title='bbox 1745 887 1998 960; x_wconf 76' lang='lat' dir='ltr'><strong>additur,</strong></span> <span class='ocrx_word' id='word_1_83' title='bbox 2039 887 2123 944; x_wconf 91' lang='lat' dir='ltr'><strong>sic</strong></span> <span class='ocrx_word' id='word_1_84' title='bbox 2152 886 2385 950; x_wconf 69' lang='grc' dir='ltr'><strong><em>εἱλίσσο</em></strong></span> 
     </span>
     <span class='ocr_line' id='line_1_10' title="bbox 126 967 2385 1046; baseline 0.003 -24"><span class='ocrx_word' id='word_1_85' title='bbox 126 972 322 1023; x_wconf 86' lang='lat' dir='ltr'><strong>noster</strong></span> <span class='ocrx_word' id='word_1_86' title='bbox 355 983 583 1045; x_wconf 83' lang='lat' dir='ltr'><strong>semper</strong></span> <span class='ocrx_word' id='word_1_87' title='bbox 625 967 786 1038; x_wconf 82' lang='lat' dir='ltr'><strong>dixit,</strong></span> <span class='ocrx_word' id='word_1_88' title='bbox 828 977 888 1026; x_wconf 87' lang='lat' dir='ltr'><strong>et</strong></span> <span class='ocrx_word' id='word_1_89' title='bbox 921 969 1201 1026; x_wconf 84' lang='lat' dir='ltr'><strong>immerito</strong></span> <span class='ocrx_word' id='word_1_90' title='bbox 1242 970 1471 1046; x_wconf 84' lang='lat' dir='ltr'><strong>quidam</strong></span> <span class='ocrx_word' id='word_1_91' title='bbox 1509 967 1581 1029; x_wconf 90' lang='lat'><strong>11.</strong></span> <span class='ocrx_word' id='word_1_92' title='bbox 1610 975 1683 1028; x_wconf 79' lang='lat'><strong>38</strong></span> <span class='ocrx_word' id='word_1_93' title='bbox 1716 969 1988 1033; x_wconf 75' lang='grc' dir='ltr'><strong><em>εἱλίσσων</em></strong></span> <span class='ocrx_word' id='word_1_94' title='bbox 2020 977 2385 1046; x_wconf 86' lang='lat' dir='ltr'><strong>receperunt,</strong></span> 
     </span>
     <span class='ocr_line' id='line_1_11' title="bbox 125 1050 2385 1134; baseline 0.002 -27"><span class='ocrx_word' id='word_1_95' title='bbox 125 1069 298 1124; x_wconf 85' lang='lat' dir='ltr'><strong>quum</strong></span> <span class='ocrx_word' id='word_1_96' title='bbox 333 1050 500 1108; x_wconf 89' lang='lat' dir='ltr'><strong>codd.</strong></span> <span class='ocrx_word' id='word_1_97' title='bbox 529 1050 608 1112; x_wconf 99' lang='grc' dir='ltr'><strong>Μ.</strong></span> <span class='ocrx_word' id='word_1_98' title='bbox 638 1050 710 1108; x_wconf 97' lang='grc' dir='ltr'><strong>Ρ.</strong></span> <span class='ocrx_word' id='word_1_99' title='bbox 736 1051 838 1125; x_wconf 64' lang='lat' dir='ltr'><strong>K„</strong></span> <span class='ocrx_word' id='word_1_100' title='bbox 883 1058 945 1109; x_wconf 87' lang='lat' dir='ltr'><strong>ut</strong></span> <span class='ocrx_word' id='word_1_101' title='bbox 978 1059 1304 1111; x_wconf 76' lang='lat' dir='ltr'><strong>constanter</strong></span> <span class='ocrx_word' id='word_1_102' title='bbox 1333 1053 1491 1128; x_wconf 80' lang='lat' dir='ltr'><strong>alibi,</strong></span> <span class='ocrx_word' id='word_1_103' title='bbox 1527 1053 1799 1116; x_wconf 82' lang='grc' dir='ltr'><strong><em>εἱλίσσων</em></strong></span> <span class='ocrx_word' id='word_1_104' title='bbox 1836 1052 2226 1134; x_wconf 80' lang='lat' dir='ltr'><strong>praebuerint.</strong></span> <span class='ocrx_word' id='word_1_105' title='bbox 2296 1051 2385 1112; x_wconf 81' lang='lat' dir='ltr'><strong>Ac</strong></span> 
     </span>
     <span class='ocr_line' id='line_1_12' title="bbox 125 1133 2384 1214; baseline 0.001 -24"><span class='ocrx_word' id='word_1_106' title='bbox 125 1133 270 1190; x_wconf 82' lang='lat' dir='ltr'><strong>falso</strong></span> <span class='ocrx_word' id='word_1_107' title='bbox 318 1134 377 1190; x_wconf 87' lang='lat' dir='ltr'><strong>in</strong></span> <span class='ocrx_word' id='word_1_108' title='bbox 421 1133 707 1194; x_wconf 75' lang='lat' dir='ltr'><strong>Eustathii</strong></span> <span class='ocrx_word' id='word_1_109' title='bbox 763 1134 1083 1196; x_wconf 74' lang='lat' dir='ltr'><strong>Commeat.</strong></span> <span class='ocrx_word' id='word_1_110' title='bbox 1139 1137 1214 1194; x_wconf 78' lang='lat' dir='ltr'><strong>nd</strong></span> <span class='ocrx_word' id='word_1_111' title='bbox 1257 1136 1429 1196; x_wconf 88' lang='lat' dir='ltr'><strong>Hom.</strong></span> <span class='ocrx_word' id='word_1_112' title='bbox 1470 1135 1536 1198; x_wconf 91' lang='lat' dir='ltr'><strong>Il.</strong></span> <span class='ocrx_word' id='word_1_113' title='bbox 1580 1158 1639 1214; x_wconf 89' lang='grc' dir='ltr'><strong>Ρ.</strong></span> <span class='ocrx_word' id='word_1_114' title='bbox 1687 1141 1789 1198; x_wconf 93' lang='grc'><strong>177</strong></span> <span class='ocrx_word' id='word_1_115' title='bbox 1828 1163 1916 1192; x_wconf 82' lang='lat'><strong>==</strong></span> <span class='ocrx_word' id='word_1_116' title='bbox 1958 1142 2065 1196; x_wconf 81' lang='grc'><strong>234</strong></span> <span class='ocrx_word' id='word_1_117' title='bbox 2116 1137 2384 1197; x_wconf 85' lang='lat' dir='ltr'><strong>scribitur</strong></span> 
     </span>
     <span class='ocr_line' id='line_1_13' title="bbox 126 1217 2383 1300; baseline 0 -22"><span class='ocrx_word' id='word_1_118' title='bbox 126 1218 380 1294; x_wconf 82' lang='grc' dir='ltr'><strong><em>εἱλίχατο</em></strong></span> <span class='ocrx_word' id='word_1_119' title='bbox 423 1236 492 1275; x_wconf 86' lang='lat' dir='ltr'><strong>ex</strong></span> <span class='ocrx_word' id='word_1_120' title='bbox 534 1217 758 1276; x_wconf 85' lang='lat' dir='ltr'><strong>Herod.-</strong></span> <span class='ocrx_word' id='word_1_121' title='bbox 800 1218 1054 1294; x_wconf 86' lang='lat' dir='ltr'>V11.9o,</span> <span class='ocrx_word' id='word_1_122' title='bbox 1098 1220 1194 1280; x_wconf 89' lang='lat' dir='ltr'><strong>ubi</strong></span> <span class='ocrx_word' id='word_1_123' title='bbox 1237 1222 1420 1279; x_wconf 81' lang='lat' dir='ltr'><strong>nostri</strong></span> <span class='ocrx_word' id='word_1_124' title='bbox 1448 1219 1769 1278; x_wconf 89' lang='lat' dir='ltr'><strong>Herodotei</strong></span> <span class='ocrx_word' id='word_1_125' title='bbox 1810 1220 1937 1279; x_wconf 86' lang='lat' dir='ltr'><strong>libri</strong></span> <span class='ocrx_word' id='word_1_126' title='bbox 1983 1221 2234 1300; x_wconf 75' lang='grc' dir='ltr'><strong><em>εἱλίχατο</em></strong></span> <span class='ocrx_word' id='word_1_127' title='bbox 2278 1219 2383 1278; x_wconf 82' lang='lat' dir='ltr'><strong>ha-</strong></span> 
     </span>
     <span class='ocr_line' id='line_1_14' title="bbox 125 1261 2389 1404; baseline 0.002 -47"><span class='ocrx_word' id='word_1_128' title='bbox 125 1300 281 1358; x_wconf 86' lang='lat' dir='ltr'><strong>bent.</strong></span> <span class='ocrx_word' id='word_1_129' title='bbox 375 1301 452 1358; x_wconf 91' lang='lat' dir='ltr'><strong>Et</strong></span> <span class='ocrx_word' id='word_1_130' title='bbox 492 1321 694 1360; x_wconf 82' lang='lat' dir='ltr'><strong>vereor</strong></span> <span class='ocrx_word' id='word_1_131' title='bbox 737 1309 800 1362; x_wconf 88' lang='lat' dir='ltr'><strong>ut</strong></span> <span class='ocrx_word' id='word_1_132' title='bbox 843 1261 1112 1380; x_wconf 72' lang='lat' dir='ltr'><strong>exemplis</strong></span> <span class='ocrx_word' id='word_1_133' title='bbox 1154 1303 1505 1362; x_wconf 77' lang='lat' dir='ltr'><strong>indubitatae</strong></span> <span class='ocrx_word' id='word_1_134' title='bbox 1551 1303 1683 1362; x_wconf 84' lang='lat' dir='ltr'><strong>fidei</strong></span> <span class='ocrx_word' id='word_1_135' title='bbox 1721 1305 1955 1382; x_wconf 84' lang='lat' dir='ltr'><strong>probari</strong></span> <span class='ocrx_word' id='word_1_136' title='bbox 1994 1305 2183 1404; x_wconf 82' lang='lat' dir='ltr'><strong>possit</strong></span> <span class='ocrx_word' id='word_1_137' title='bbox 2222 1323 2281 1380; x_wconf 88' lang='lat' dir='ltr'>q</span> <span class='ocrx_word' id='word_1_138' title='bbox 2266 1303 2389 1369; x_wconf 79' lang='lat' dir='ltr'><strong>uod.</strong></span> 
     </span>
     <span class='ocr_line' id='line_1_15' title="bbox 126 1382 2379 1464; baseline 0.003 -22"><span class='ocrx_word' id='word_1_139' title='bbox 126 1385 380 1444; x_wconf 83' lang='lat' dir='ltr'><strong>Tzetzes</strong></span> <span class='ocrx_word' id='word_1_140' title='bbox 433 1388 508 1443; x_wconf 75' lang='lat' dir='ltr'><strong>ad</strong></span> <span class='ocrx_word' id='word_1_141' title='bbox 551 1385 796 1444; x_wconf 82' lang='lat' dir='ltr'><strong>Hesiod.</strong></span> <span class='ocrx_word' id='word_1_142' title='bbox 841 1407 898 1464; x_wconf 88' lang='lat' dir='ltr'><strong>p.</strong></span> <span class='ocrx_word' id='word_1_143' title='bbox 947 1392 1050 1447; x_wconf 92' lang='grc'><strong>109</strong></span> <span class='ocrx_word' id='word_1_144' title='bbox 1091 1389 1358 1447; x_wconf 75' lang='lat' dir='ltr'><strong>tradidit:</strong></span> <span class='ocrx_word' id='word_1_145' title='bbox 1412 1411 1481 1452; x_wconf 80' lang='lat' dir='ltr'><strong>ro</strong></span> <span class='ocrx_word' id='word_1_146' title='bbox 1524 1385 1643 1462; x_wconf 74' lang='grc' dir='ltr'><strong><em>ἕλιξ</em></strong></span> <span class='ocrx_word' id='word_1_147' title='bbox 1677 1382 1939 1452; x_wconf 73' lang='grc' dir='ltr'><strong><em>Ἀττικοὶ</em></strong></span> <span class='ocrx_word' id='word_1_148' title='bbox 1982 1382 2379 1460; x_wconf 76' lang='grc' dir='ltr'><strong><em>ὅασύνουσιν,</em></strong></span> 
     </span>
     <span class='ocr_line' id='line_1_16' title="bbox 127 1463 1993 1545; baseline 0.004 -16"><span class='ocrx_word' id='word_1_149' title='bbox 127 1469 189 1529; x_wconf 90' lang='grc' dir='ltr'><strong>οἱ</strong></span> <span class='ocrx_word' id='word_1_150' title='bbox 228 1465 298 1531; x_wconf 77' lang='grc' dir='ltr'><strong>δὲ</strong></span> <span class='ocrx_word' id='word_1_151' title='bbox 339 1469 540 1532; x_wconf 74' lang='grc' dir='ltr'><strong><em>λοιποὶ</em></strong></span> <span class='ocrx_word' id='word_1_152' title='bbox 579 1463 800 1543; x_wconf 76' lang='grc' dir='ltr'><strong><em>πάντες</em></strong></span> <span class='ocrx_word' id='word_1_153' title='bbox 839 1475 1146 1545; x_wconf 82' lang='grc' dir='ltr'><strong><em>ψιλοῦσιν.</em></strong></span> <span class='ocrx_word' id='word_1_154' title='bbox 1986 1515 1993 1528; x_wconf 83' lang='grc'><strong>-</strong></span> 
     </span>
    </p>

    <p class='ocr_par' dir='ltr' id='par_1_4' title="bbox 123 1552 2383 1716">
     <span class='ocr_line' id='line_1_17' title="bbox 288 1552 2383 1632; baseline 0.002 -22"><span class='ocrx_word' id='word_1_155' title='bbox 288 1552 596 1612; x_wconf 75' lang='lat' dir='ltr'><strong>Praeterea</strong></span> <span class='ocrx_word' id='word_1_156' title='bbox 629 1560 828 1612; x_wconf 87' lang='lat' dir='ltr'><strong>noster</strong></span> <span class='ocrx_word' id='word_1_157' title='bbox 859 1573 1066 1632; x_wconf 78' lang='lat' dir='ltr'><strong>aspero</strong></span> <span class='ocrx_word' id='word_1_158' title='bbox 1107 1555 1312 1632; x_wconf 84' lang='lat' dir='ltr'><strong>spiritu</strong></span> <span class='ocrx_word' id='word_1_159' title='bbox 1354 1555 1498 1613; x_wconf 79' lang='lat' dir='ltr'><strong>dixit</strong></span> <span class='ocrx_word' id='word_1_160' title='bbox 1534 1554 1711 1632; x_wconf 80' lang='grc' dir='ltr'><strong><em>ἱστίη,</em></strong></span> <span class='ocrx_word' id='word_1_161' title='bbox 1752 1555 1971 1630; x_wconf 74' lang='grc' dir='ltr'><strong><em>ἱστιᾶν,</em></strong></span> <span class='ocrx_word' id='word_1_162' title='bbox 2012 1562 2121 1616; x_wconf 82' lang='lat' dir='ltr'><strong>etc.</strong></span> <span class='ocrx_word' id='word_1_163' title='bbox 2205 1553 2383 1622; x_wconf 78' lang='lat' dir='ltr'><strong>Quod</strong></span> 
     </span>
     <span class='ocr_line' id='line_1_18' title="bbox 123 1631 2383 1716; baseline 0 -21"><span class='ocrx_word' id='word_1_164' title='bbox 123 1643 312 1695; x_wconf 76' lang='lat' dir='ltr'><strong>autem</strong></span> <span class='ocrx_word' id='word_1_165' title='bbox 355 1631 546 1700; x_wconf 76' lang='grc' dir='ltr'><strong><em>ἕσσόω</em></strong></span> <span class='ocrx_word' id='word_1_166' title='bbox 599 1638 713 1696; x_wconf 85' lang='lat' dir='ltr'><strong>leni</strong></span> <span class='ocrx_word' id='word_1_167' title='bbox 739 1640 970 1716; x_wconf 86' lang='lat' dir='ltr'><strong>spiritu</strong></span> <span class='ocrx_word' id='word_1_168' title='bbox 1023 1647 1280 1697; x_wconf 80' lang='lat' dir='ltr'><strong>notatum</strong></span> <span class='ocrx_word' id='word_1_169' title='bbox 1321 1639 1505 1696; x_wconf 83' lang='lat' dir='ltr'><strong>codd.</strong></span> <span class='ocrx_word' id='word_1_170' title='bbox 1538 1639 1614 1698; x_wconf 89' lang='lat' dir='ltr'><strong>F.</strong></span> <span class='ocrx_word' id='word_1_171' title='bbox 1652 1641 1719 1699; x_wconf 89' lang='lat' dir='ltr'><strong>S.</strong></span> <span class='ocrx_word' id='word_1_172' title='bbox 1766 1640 1825 1702; x_wconf 93' lang='lat' dir='ltr'><strong>b.</strong></span> <span class='ocrx_word' id='word_1_173' title='bbox 1868 1641 1930 1697; x_wconf 89' lang='lat' dir='ltr'><strong>d.</strong></span> <span class='ocrx_word' id='word_1_174' title='bbox 1982 1641 2105 1698; x_wconf 84' lang='lat' dir='ltr'><strong>fere</strong></span> <span class='ocrx_word' id='word_1_175' title='bbox 2157 1655 2383 1714; x_wconf 83' lang='lat' dir='ltr'><strong>semper</strong></span> 
     </span>
    </p>
   </div>
   <div class='ocr_carea' id='block_1_3' title="bbox 26 1720 2383 1800">
    <p class='ocr_par' dir='ltr' id='par_1_5' title="bbox 26 1720 2383 1800">
     <span class='ocr_line' id='line_1_19' title="bbox 26 1720 2383 1800; baseline 0 -22"><span class='ocrx_word' id='word_1_176' title='bbox 26 1768 28 1770; x_wconf 54' lang='grc'><strong><em>,</em></strong></span> <span class='ocrx_word' id='word_1_177' title='bbox 121 1721 452 1799; x_wconf 76' lang='lat' dir='ltr'><strong>praebuisse</strong></span> <span class='ocrx_word' id='word_1_178' title='bbox 497 1722 760 1780; x_wconf 88' lang='lat' dir='ltr'><strong>dicuntur</strong></span> <span class='ocrx_word' id='word_1_179' title='bbox 801 1723 889 1798; x_wconf 91' lang='lat' dir='ltr'><strong>(ut</strong></span> <span class='ocrx_word' id='word_1_180' title='bbox 929 1722 974 1782; x_wconf 92' lang='lat' dir='ltr'><strong>I.</strong></span> <span class='ocrx_word' id='word_1_181' title='bbox 1011 1727 1114 1782; x_wconf 85' lang='grc'><strong>207</strong></span> <span class='ocrx_word' id='word_1_182' title='bbox 1156 1743 1266 1800; x_wconf 89' lang='lat' dir='ltr'><strong>pro</strong></span> <span class='ocrx_word' id='word_1_183' title='bbox 1310 1722 1529 1796; x_wconf 79' lang='lat' dir='ltr'>vulgat.</span> <span class='ocrx_word' id='word_1_184' title='bbox 1572 1721 1895 1796; x_wconf 78' lang='grc' dir='ltr'><strong><em>ἕσσωθείς,</em></strong></span> <span class='ocrx_word' id='word_1_185' title='bbox 1940 1720 2278 1796; x_wconf 71' lang='grc' dir='ltr'><strong><em>ἕσσωθείς),</em></strong></span> <span class='ocrx_word' id='word_1_186' title='bbox 2320 1721 2383 1778; x_wconf 90' lang='lat' dir='ltr'><strong>id</strong></span> 
     </span>
    </p>
   </div>
   <div class='ocr_carea' id='block_1_4' title="bbox 121 1799 2383 1990">
    <p class='ocr_par' dir='ltr' id='par_1_6' title="bbox 121 1799 2383 1968">
     <span class='ocr_line' id='line_1_20' title="bbox 123 1799 2381 1883; baseline 0 -19"><span class='ocrx_word' id='word_1_187' title='bbox 123 1826 192 1864; x_wconf 81' lang='lat' dir='ltr'><strong>ex</strong></span> <span class='ocrx_word' id='word_1_188' title='bbox 232 1823 506 1882; x_wconf 80' lang='lat' dir='ltr'><strong>perversa</strong></span> <span class='ocrx_word' id='word_1_189' title='bbox 549 1807 793 1881; x_wconf 75' lang='lat' dir='ltr'><strong>quadam</strong></span> <span class='ocrx_word' id='word_1_190' title='bbox 835 1807 1056 1863; x_wconf 75' lang='lat' dir='ltr'><strong>ratione</strong></span> <span class='ocrx_word' id='word_1_191' title='bbox 1099 1807 1423 1883; x_wconf 86' lang='lat' dir='ltr'><strong>profectum</strong></span> <span class='ocrx_word' id='word_1_192' title='bbox 1464 1824 1595 1864; x_wconf 86' lang='lat' dir='ltr'><strong>esse</strong></span> <span class='ocrx_word' id='word_1_193' title='bbox 1634 1807 1899 1881; x_wconf 86' lang='lat' dir='ltr'><strong>videtur,</strong></span> <span class='ocrx_word' id='word_1_194' title='bbox 1942 1811 2004 1866; x_wconf 89' lang='lat' dir='ltr'><strong>ut</strong></span> <span class='ocrx_word' id='word_1_195' title='bbox 2036 1805 2083 1865; x_wconf 89' lang='grc' dir='ltr'><strong>Ι.</strong></span> <span class='ocrx_word' id='word_1_196' title='bbox 2125 1812 2231 1866; x_wconf 91' lang='grc'><strong>200</strong></span> <span class='ocrx_word' id='word_1_197' title='bbox 2274 1799 2381 1866; x_wconf 62' lang='grc' dir='ltr'><strong>ὄλ.</strong></span> 
     </span>
     <span class='ocr_line' id='line_1_21' title="bbox 121 1883 2383 1990; baseline 0.002 -45"><span class='ocrx_word' id='word_1_198' title='bbox 121 1913 238 1965; x_wconf 86' lang='grc' dir='ltr'><strong>μον</strong></span> <span class='ocrx_word' id='word_1_199' title='bbox 285 1889 545 1946; x_wconf 84' lang='lat' dir='ltr'><strong>codicum</strong></span> <span class='ocrx_word' id='word_1_200' title='bbox 588 1889 660 1946; x_wconf 90' lang='lat' dir='ltr'><strong>F.</strong></span> <span class='ocrx_word' id='word_1_201' title='bbox 703 1909 757 1949; x_wconf 80' lang='lat' dir='ltr'><strong>s.</strong></span> <span class='ocrx_word' id='word_1_202' title='bbox 800 1889 855 1948; x_wconf 91' lang='lat' dir='ltr'><strong>b.</strong></span> <span class='ocrx_word' id='word_1_203' title='bbox 901 1887 1090 1966; x_wconf 75' lang='grc' dir='ltr'><strong>(ΑΜ.)</strong></span> <span class='ocrx_word' id='word_1_204' title='bbox 1145 1909 1254 1967; x_wconf 84' lang='lat' dir='ltr'><strong>pro</strong></span> <span class='ocrx_word' id='word_1_205' title='bbox 1297 1909 1449 1946; x_wconf 84' lang='lat' dir='ltr'><strong>nunc</strong></span> <span class='ocrx_word' id='word_1_206' title='bbox 1493 1889 1647 1963; x_wconf 84' lang='lat' dir='ltr'><strong>vulg.</strong></span> <span class='ocrx_word' id='word_1_207' title='bbox 1686 1884 1893 1965; x_wconf 78' lang='grc' dir='ltr'><strong>ολμον.</strong></span> <span class='ocrx_word' id='word_1_208' title='bbox 1974 1889 2023 1951; x_wconf 92' lang='grc' dir='ltr'><strong>Ι.</strong></span> <span class='ocrx_word' id='word_1_209' title='bbox 2067 1894 2136 1949; x_wconf 88' lang='grc'><strong>71</strong></span> <span class='ocrx_word' id='word_1_210' title='bbox 2182 1883 2383 1990; x_wconf 79' lang='grc' dir='ltr'><strong><em>α’βρον</em></strong></span> 
     </span>
    </p>
   </div>
   <div class='ocr_carea' id='block_1_5' title="bbox 24 1966 2377 2134">
    <p class='ocr_par' dir='ltr' id='par_1_7' title="bbox 24 1966 2377 2134">
     <span class='ocr_line' id='line_1_22' title="bbox 24 1966 2377 2054; baseline 0.002 -24"><span class='ocrx_word' id='word_1_211' title='bbox 24 2013 26 2022; x_wconf 38' lang='lat' dir='ltr'>s</span> <span class='ocrx_word' id='word_1_212' title='bbox 121 1973 378 2030; x_wconf 89' lang='lat' dir='ltr'><strong>codicum</strong></span> <span class='ocrx_word' id='word_1_213' title='bbox 418 1973 480 2030; x_wconf 90' lang='lat' dir='ltr'><strong>S.</strong></span> <span class='ocrx_word' id='word_1_214' title='bbox 519 1972 572 2030; x_wconf 91' lang='lat' dir='ltr'><strong>b.</strong></span> <span class='ocrx_word' id='word_1_215' title='bbox 615 1993 724 2049; x_wconf 84' lang='lat' dir='ltr'><strong>pro</strong></span> <span class='ocrx_word' id='word_1_216' title='bbox 762 1975 918 2050; x_wconf 84' lang='lat' dir='ltr'>vulg.</span> <span class='ocrx_word' id='word_1_217' title='bbox 962 1967 1177 2054; x_wconf 76' lang='grc' dir='ltr'><strong>ἆβρὸν.</strong></span> <span class='ocrx_word' id='word_1_218' title='bbox 1265 1971 1338 2033; x_wconf 94' lang='grc' dir='ltr'><strong>Π.</strong></span> <span class='ocrx_word' id='word_1_219' title='bbox 1395 1977 1427 2034; x_wconf 88' lang='grc'><strong>7</strong></span> <span class='ocrx_word' id='word_1_220' title='bbox 1472 1967 1638 2034; x_wconf 75' lang='grc' dir='ltr'><strong><em>ὅδαῖν</em></strong></span> <span class='ocrx_word' id='word_1_221' title='bbox 1676 1975 1891 2034; x_wconf 83' lang='lat' dir='ltr'><strong>codicis</strong></span> <span class='ocrx_word' id='word_1_222' title='bbox 1930 1974 2008 2031; x_wconf 88' lang='lat' dir='ltr'><strong>K.</strong></span> <span class='ocrx_word' id='word_1_223' title='bbox 2051 1993 2157 2051; x_wconf 89' lang='lat' dir='ltr'><strong>pro</strong></span> <span class='ocrx_word' id='word_1_224' title='bbox 2196 1966 2377 2034; x_wconf 77' lang='grc' dir='ltr'><strong>οδῶν.</strong></span> 
     </span>
     <span class='ocr_line' id='line_1_23' title="bbox 24 2051 2377 2134; baseline 0 -20"><span class='ocrx_word' id='word_1_225' title='bbox 24 2099 26 2104; x_wconf 80' lang='lat'><em>·</em></span> <span class='ocrx_word' id='word_1_226' title='bbox 118 2057 165 2117; x_wconf 91' lang='lat' dir='ltr'><strong>I.</strong></span> <span class='ocrx_word' id='word_1_227' title='bbox 198 2061 268 2116; x_wconf 83' lang='grc'><strong>24</strong></span> <span class='ocrx_word' id='word_1_228' title='bbox 301 2051 520 2119; x_wconf 76' lang='grc' dir='ltr'><strong><em>ἐδῶλια</em></strong></span> <span class='ocrx_word' id='word_1_229' title='bbox 559 2059 774 2116; x_wconf 86' lang='lat' dir='ltr'><strong>codicis</strong></span> <span class='ocrx_word' id='word_1_230' title='bbox 807 2056 882 2116; x_wconf 86' lang='lat' dir='ltr'><strong>F.</strong></span> <span class='ocrx_word' id='word_1_231' title='bbox 923 2064 986 2117; x_wconf 91' lang='lat' dir='ltr'><strong>et</strong></span> <span class='ocrx_word' id='word_1_232' title='bbox 1026 2057 1190 2116; x_wconf 86' lang='lat' dir='ltr'>Suid.</span> <span class='ocrx_word' id='word_1_233' title='bbox 1233 2076 1282 2117; x_wconf 87' lang='lat' dir='ltr'><strong>s.</strong></span> <span class='ocrx_word' id='word_1_234' title='bbox 1328 2076 1380 2113; x_wconf 88' lang='lat' dir='ltr'><strong>v.</strong></span> <span class='ocrx_word' id='word_1_235' title='bbox 1425 2075 1533 2134; x_wconf 84' lang='lat' dir='ltr'><strong>pro</strong></span> <span class='ocrx_word' id='word_1_236' title='bbox 1578 2054 1797 2120; x_wconf 71' lang='grc' dir='ltr'><strong><em>ἑδώλια</em></strong></span> <span class='ocrx_word' id='word_1_237' title='bbox 1850 2059 1927 2120; x_wconf 84' lang='lat' dir='ltr'><strong>cf.</strong></span> <span class='ocrx_word' id='word_1_238' title='bbox 1963 2057 2119 2116; x_wconf 92' lang='lat' dir='ltr'>Lob.</span> <span class='ocrx_word' id='word_1_239' title='bbox 2155 2056 2248 2133; x_wconf 76' lang='lat' dir='ltr'><strong>Aj.</strong></span> <span class='ocrx_word' id='word_1_240' title='bbox 2286 2072 2377 2114; x_wconf 76' lang='lat' dir='ltr'><strong>vs.</strong></span> 
     </span>
    </p>
   </div>
   <div class='ocr_carea' id='block_1_6' title="bbox 33 2139 2379 2388">
    <p class='ocr_par' dir='ltr' id='par_1_8' title="bbox 33 2139 2379 2388">
     <span class='ocr_line' id='line_1_24' title="bbox 120 2139 1897 2234; baseline 0.002 -34"><span class='ocrx_word' id='word_1_241' title='bbox 120 2143 271 2234; x_wconf 78' lang='grc'><strong>1277.</strong></span> <span class='ocrx_word' id='word_1_242' title='bbox 305 2171 396 2184; x_wconf 91' lang='lat'><strong>—-</strong></span> <span class='ocrx_word' id='word_1_243' title='bbox 439 2139 601 2198; x_wconf 81' lang='lat' dir='ltr'><strong>De‘&#39;</strong></span> <span class='ocrx_word' id='word_1_244' title='bbox 571 2163 694 2204; x_wconf 78' lang='grc' dir='ltr'><strong><em>ιετο</em></strong></span> <span class='ocrx_word' id='word_1_245' title='bbox 739 2146 798 2199; x_wconf 91' lang='lat' dir='ltr'><strong>et</strong></span> <span class='ocrx_word' id='word_1_246' title='bbox 835 2159 1108 2217; x_wconf 78' lang='lat' dir='ltr'><strong>perverso</strong></span> <span class='ocrx_word' id='word_1_247' title='bbox 1147 2143 1266 2204; x_wconf 81' lang='grc' dir='ltr'><strong>ἰέτο</strong></span> <span class='ocrx_word' id='word_1_248' title='bbox 1312 2142 1445 2199; x_wconf 86' lang='lat' dir='ltr'><strong>vide</strong></span> <span class='ocrx_word' id='word_1_249' title='bbox 1485 2141 1633 2200; x_wconf 79' lang='lat' dir='ltr'><strong>infra</strong></span> <span class='ocrx_word' id='word_1_250' title='bbox 1674 2163 1733 2220; x_wconf 85' lang='lat' dir='ltr'><strong>p.</strong></span> <span class='ocrx_word' id='word_1_251' title='bbox 1773 2148 1897 2203; x_wconf 85' lang='grc'><strong>322.</strong></span> 
     </span>
     <span class='ocr_line' id='line_1_25' title="bbox 33 2223 2378 2305; baseline 0.001 -23"><span class='ocrx_word' id='word_1_252' title='bbox 33 2251 40 2260; x_wconf 90' lang='grc'><em>·</em></span> <span class='ocrx_word' id='word_1_253' title='bbox 283 2223 468 2283; x_wconf 90' lang='lat' dir='ltr'><strong>Porro</strong></span> <span class='ocrx_word' id='word_1_254' title='bbox 509 2226 549 2283; x_wconf 78' lang='grc' dir='ltr'><strong>’ὃ</strong></span> <span class='ocrx_word' id='word_1_255' title='bbox 589 2245 712 2284; x_wconf 89' lang='lat' dir='ltr'><strong>cum</strong></span> <span class='ocrx_word' id='word_1_256' title='bbox 765 2225 889 2282; x_wconf 84' lang='lat' dir='ltr'><strong>aliis</strong></span> <span class='ocrx_word' id='word_1_257' title='bbox 932 2225 1138 2284; x_wconf 84' lang='lat' dir='ltr'><strong>litteris</strong></span> <span class='ocrx_word' id='word_1_258' title='bbox 1180 2225 1523 2300; x_wconf 79' lang='lat' dir='ltr'><strong>lingnulibus</strong></span> <span class='ocrx_word' id='word_1_259' title='bbox 1576 2231 1960 2305; x_wconf 80' lang='lat' dir='ltr'><strong>permutatur,</strong></span> <span class='ocrx_word' id='word_1_260' title='bbox 2020 2223 2103 2282; x_wconf 83' lang='lat' dir='ltr'><strong>sic</strong></span> <span class='ocrx_word' id='word_1_261' title='bbox 2142 2242 2180 2286; x_wconf 90' lang='grc' dir='ltr'><strong>σ</strong></span> <span class='ocrx_word' id='word_1_262' title='bbox 2234 2229 2296 2281; x_wconf 88' lang='lat' dir='ltr'><strong>et</strong></span> <span class='ocrx_word' id='word_1_263' title='bbox 2339 2245 2378 2284; x_wconf 74' lang='grc' dir='ltr'><strong><em>τ</em></strong></span> 
     </span>
     <span class='ocr_line' id='line_1_26' title="bbox 117 2303 2379 2388; baseline 0 -24"><span class='ocrx_word' id='word_1_264' title='bbox 117 2309 173 2367; x_wconf 85' lang='grc' dir='ltr'><strong>ἱ11</strong></span> <span class='ocrx_word' id='word_1_265' title='bbox 217 2303 484 2387; x_wconf 75' lang='grc' dir='ltr'><strong><em>σήμερον</em></strong></span> <span class='ocrx_word' id='word_1_266' title='bbox 521 2309 737 2368; x_wconf 85' lang='lat' dir='ltr'><strong>Herod.</strong></span> <span class='ocrx_word' id='word_1_267' title='bbox 780 2307 882 2370; x_wconf 90' lang='grc' dir='ltr'><strong>ΙΙΙ.</strong></span> <span class='ocrx_word' id='word_1_268' title='bbox 926 2312 1016 2382; x_wconf 91' lang='grc'><strong>71,</strong></span> <span class='ocrx_word' id='word_1_269' title='bbox 1045 2311 1178 2368; x_wconf 91' lang='lat' dir='ltr'><strong>vide</strong></span> <span class='ocrx_word' id='word_1_270' title='bbox 1213 2309 1401 2370; x_wconf 79' lang='lat' dir='ltr'><strong>Maitt.</strong></span> <span class='ocrx_word' id='word_1_271' title='bbox 1450 2308 1678 2386; x_wconf 82' lang='lat' dir='ltr'><strong>(Sturz)</strong></span> <span class='ocrx_word' id='word_1_272' title='bbox 1712 2331 1777 2388; x_wconf 87' lang='lat' dir='ltr'>p.</span> <span class='ocrx_word' id='word_1_273' title='bbox 1820 2315 1872 2370; x_wconf 91' lang='grc'><strong>7.</strong></span> <span class='ocrx_word' id='word_1_274' title='bbox 1904 2341 1993 2352; x_wconf 89' lang='lat'><strong>--·</strong></span> <span class='ocrx_word' id='word_1_275' title='bbox 2031 2308 2165 2368; x_wconf 85' lang='lat' dir='ltr'><strong>Huc</strong></span> <span class='ocrx_word' id='word_1_276' title='bbox 2204 2309 2379 2366; x_wconf 85' lang='lat' dir='ltr'><strong>etiam</strong></span> 
     </span>
    </p>
   </div>
   <div class='ocr_carea' id='block_1_7' title="bbox 22 2391 2377 2470">
    <p class='ocr_par' dir='ltr' id='par_1_9' title="bbox 22 2391 2377 2470">
     <span class='ocr_line' id='line_1_27' title="bbox 22 2391 2377 2470; baseline 0.001 -25"><span class='ocrx_word' id='word_1_277' title='bbox 22 2414 24 2445; x_wconf 71' lang='lat' dir='ltr'><strong>r</strong></span> <span class='ocrx_word' id='word_1_278' title='bbox 116 2395 368 2470; x_wconf 86' lang='lat' dir='ltr'><strong>pertinet</strong></span> <span class='ocrx_word' id='word_1_279' title='bbox 424 2391 622 2451; x_wconf 77' lang='lat' dir='ltr'><strong>Ionica</strong></span> <span class='ocrx_word' id='word_1_280' title='bbox 667 2393 1022 2469; x_wconf 78' lang='lat' dir='ltr'><strong>quorundam</strong></span> <span class='ocrx_word' id='word_1_281' title='bbox 1074 2394 1363 2450; x_wconf 79' lang='lat' dir='ltr'><strong>nominum</strong></span> <span class='ocrx_word' id='word_1_282' title='bbox 1413 2393 1738 2450; x_wconf 79' lang='lat' dir='ltr'><strong>terminatio</strong></span> <span class='ocrx_word' id='word_1_283' title='bbox 1792 2393 1853 2452; x_wconf 86' lang='lat' dir='ltr'><strong>in</strong></span> <span class='ocrx_word' id='word_1_284' title='bbox 1900 2393 2003 2453; x_wconf 84' lang='grc' dir='ltr'><strong>σία</strong></span> <span class='ocrx_word' id='word_1_285' title='bbox 2054 2391 2217 2468; x_wconf 68' lang='lat' dir='ltr'><strong>(oin)</strong></span> <span class='ocrx_word' id='word_1_286' title='bbox 2267 2411 2377 2468; x_wconf 83' lang='lat' dir='ltr'><strong>pro</strong></span> 
     </span>
    </p>
   </div>
   <div class='ocr_carea' id='block_1_8' title="bbox 113 2470 2383 4236">
    <p class='ocr_par' dir='ltr' id='par_1_10' title="bbox 113 2470 2381 2885">
     <span class='ocr_line' id='line_1_28' title="bbox 115 2470 2379 2554; baseline -0.003 -20"><span class='ocrx_word' id='word_1_287' title='bbox 115 2477 311 2536; x_wconf 80' lang='lat' dir='ltr'><strong>Attica</strong></span> <span class='ocrx_word' id='word_1_288' title='bbox 356 2475 456 2538; x_wconf 87' lang='grc' dir='ltr'><strong>τία</strong></span> <span class='ocrx_word' id='word_1_289' title='bbox 511 2475 589 2534; x_wconf 81' lang='lat' dir='ltr'><strong>cf.</strong></span> <span class='ocrx_word' id='word_1_290' title='bbox 626 2474 782 2536; x_wconf 90' lang='lat' dir='ltr'>Lob.</span> <span class='ocrx_word' id='word_1_291' title='bbox 825 2473 1067 2551; x_wconf 84' lang='lat' dir='ltr'><strong>Parerg.</strong></span> <span class='ocrx_word' id='word_1_292' title='bbox 1121 2496 1180 2554; x_wconf 85' lang='lat' dir='ltr'><strong>p.</strong></span> <span class='ocrx_word' id='word_1_293' title='bbox 1229 2481 1334 2534; x_wconf 86' lang='grc'><strong>505</strong></span> <span class='ocrx_word' id='word_1_294' title='bbox 1373 2494 1507 2552; x_wconf 86' lang='lat' dir='ltr'>sqq.</span> <span class='ocrx_word' id='word_1_295' title='bbox 1595 2475 1695 2533; x_wconf 88' lang='lat' dir='ltr'><strong>Sic</strong></span> <span class='ocrx_word' id='word_1_296' title='bbox 1741 2470 1995 2552; x_wconf 77' lang='grc' dir='ltr'><strong><em>ἆλουσίη</em></strong></span> <span class='ocrx_word' id='word_1_297' title='bbox 2038 2473 2261 2532; x_wconf 81' lang='lat' dir='ltr'><strong>Herod.</strong></span> <span class='ocrx_word' id='word_1_298' title='bbox 2304 2471 2379 2529; x_wconf 92' lang='grc' dir='ltr'><strong>ΙΙ.</strong></span> 
     </span>
     <span class='ocr_line' id='line_1_29' title="bbox 113 2549 2377 2636; baseline -0.004 -16"><span class='ocrx_word' id='word_1_299' title='bbox 113 2565 205 2620; x_wconf 87' lang='grc'><strong>86.</strong></span> <span class='ocrx_word' id='word_1_300' title='bbox 251 2561 594 2636; x_wconf 74' lang='lat' dir='ltr'><strong>Hippocrat.</strong></span> <span class='ocrx_word' id='word_1_301' title='bbox 635 2559 710 2618; x_wconf 88' lang='lat' dir='ltr'><strong>de</strong></span> <span class='ocrx_word' id='word_1_302' title='bbox 748 2557 1192 2620; x_wconf 80' lang='lat' dir='ltr'>Vict.San.11.</span> <span class='ocrx_word' id='word_1_303' title='bbox 1238 2565 1324 2617; x_wconf 91' lang='grc'><strong>10.</strong></span> <span class='ocrx_word' id='word_1_304' title='bbox 1368 2564 1461 2615; x_wconf 83' lang='grc'><strong>51.</strong></span> <span class='ocrx_word' id='word_1_305' title='bbox 1514 2589 1602 2602; x_wconf 84' lang='lat'><strong>--</strong></span> <span class='ocrx_word' id='word_1_306' title='bbox 1660 2549 1959 2634; x_wconf 78' lang='grc' dir='ltr'><strong><em>ἇδυνασίη</em></strong></span> <span class='ocrx_word' id='word_1_307' title='bbox 2004 2556 2231 2614; x_wconf 83' lang='lat' dir='ltr'><strong>Herod.</strong></span> <span class='ocrx_word' id='word_1_308' title='bbox 2272 2554 2377 2618; x_wconf 88' lang='grc' dir='ltr'><strong>ΙΙΙ.</strong></span> 
     </span>
     <span class='ocr_line' id='line_1_30' title="bbox 116 2635 2381 2720; baseline -0.002 -16"><span class='ocrx_word' id='word_1_309' title='bbox 116 2647 198 2704; x_wconf 91' lang='grc'><strong>79.</strong></span> <span class='ocrx_word' id='word_1_310' title='bbox 245 2641 372 2705; x_wconf 84' lang='lat' dir='ltr'><strong>VH.</strong></span> <span class='ocrx_word' id='word_1_311' title='bbox 414 2645 516 2702; x_wconf 85' lang='grc'><strong>172</strong></span> <span class='ocrx_word' id='word_1_312' title='bbox 557 2642 688 2719; x_wconf 89' lang='lat' dir='ltr'><strong>(sed</strong></span> <span class='ocrx_word' id='word_1_313' title='bbox 731 2635 1042 2720; x_wconf 67' lang='grc' dir='ltr'><strong><em>ἀδυναμίη</em></strong></span> <span class='ocrx_word' id='word_1_314' title='bbox 1084 2642 1304 2700; x_wconf 84' lang='lat' dir='ltr'><strong>Herod.</strong></span> <span class='ocrx_word' id='word_1_315' title='bbox 1340 2639 1497 2698; x_wconf 89' lang='lat' dir='ltr'>VIII.</span> <span class='ocrx_word' id='word_1_316' title='bbox 1541 2647 1665 2700; x_wconf 90' lang='lat'>111.</span> <span class='ocrx_word' id='word_1_317' title='bbox 1696 2641 1876 2720; x_wconf 82' lang='lat' dir='ltr'><strong>Hipp.</strong></span> <span class='ocrx_word' id='word_1_318' title='bbox 1917 2639 2064 2700; x_wconf 75' lang='lat' dir='ltr'>Plat.</span> <span class='ocrx_word' id='word_1_319' title='bbox 2108 2637 2255 2717; x_wconf 76' lang='lat' dir='ltr'><strong>alii).</strong></span> <span class='ocrx_word' id='word_1_320' title='bbox 2290 2669 2381 2684; x_wconf 86' lang='lat'><strong>-·</strong></span> 
     </span>
     <span class='ocr_line' id='line_1_31' title="bbox 116 2720 2380 2808; baseline -0.004 -17.825"><span class='ocrx_word' id='word_1_321' title='bbox 116 2722 540 2808; x_wconf 78' lang='grc' dir='ltr'><strong><em>ἆκρητοποσίη</em></strong></span> <span class='ocrx_word' id='word_1_322' title='bbox 577 2726 796 2788; x_wconf 83' lang='lat' dir='ltr'><strong>Herod.</strong></span> <span class='ocrx_word' id='word_1_323' title='bbox 825 2723 1023 2786; x_wconf 82' lang='lat' dir='ltr'>1V.84</span> <span class='ocrx_word' id='word_1_324' title='bbox 1065 2726 1140 2783; x_wconf 84' lang='lat' dir='ltr'><strong>cf.</strong></span> <span class='ocrx_word' id='word_1_325' title='bbox 1175 2723 1326 2784; x_wconf 87' lang='lat' dir='ltr'>Lob.</span> <span class='ocrx_word' id='word_1_326' title='bbox 1363 2723 1403 2782; x_wconf 91' lang='lat' dir='ltr'><strong>l.</strong></span> <span class='ocrx_word' id='word_1_327' title='bbox 1432 2723 1481 2781; x_wconf 91' lang='lat' dir='ltr'><strong>l.</strong></span> <span class='ocrx_word' id='word_1_328' title='bbox 1522 2743 1584 2802; x_wconf 88' lang='lat' dir='ltr'>p.</span> <span class='ocrx_word' id='word_1_329' title='bbox 1623 2725 1747 2786; x_wconf 79' lang='lat'>522.</span> <span class='ocrx_word' id='word_1_330' title='bbox 1811 2722 2207 2806; x_wconf 72' lang='grc' dir='ltr'><strong><em>στρατηλασίη</em></strong></span> <span class='ocrx_word' id='word_1_331' title='bbox 2252 2720 2380 2781; x_wconf 88' lang='lat' dir='ltr'><strong>He-</strong></span> 
     </span>
     <span class='ocr_line' id='line_1_32' title="bbox 115 2809 1963 2885; baseline 0.004 -17"><span class='ocrx_word' id='word_1_332' title='bbox 115 2813 242 2872; x_wconf 83' lang='lat' dir='ltr'><strong>rod.</strong></span> <span class='ocrx_word' id='word_1_333' title='bbox 283 2811 358 2869; x_wconf 86' lang='grc' dir='ltr'><strong>Η.</strong></span> <span class='ocrx_word' id='word_1_334' title='bbox 395 2817 450 2872; x_wconf 88' lang='grc'><strong>1.</strong></span> <span class='ocrx_word' id='word_1_335' title='bbox 491 2809 590 2870; x_wconf 82' lang='lat' dir='ltr'><strong>IV.</strong></span> <span class='ocrx_word' id='word_1_336' title='bbox 636 2817 758 2871; x_wconf 80' lang='lat'>105.</span> <span class='ocrx_word' id='word_1_337' title='bbox 799 2809 922 2868; x_wconf 81' lang='lat' dir='ltr'>VII.</span> <span class='ocrx_word' id='word_1_338' title='bbox 969 2813 1187 2868; x_wconf 59' lang='grc'><strong>11815.</strong></span> <span class='ocrx_word' id='word_1_339' title='bbox 1231 2813 1322 2885; x_wconf 78' lang='grc' dir='ltr'><strong>ιο,</strong></span> <span class='ocrx_word' id='word_1_340' title='bbox 1365 2813 1423 2867; x_wconf 94' lang='grc'><strong>2.</strong></span> <span class='ocrx_word' id='word_1_341' title='bbox 1465 2813 1557 2870; x_wconf 88' lang='grc'><strong>21.</strong></span> <span class='ocrx_word' id='word_1_342' title='bbox 1594 2814 1702 2870; x_wconf 76' lang='grc' dir='ltr'><strong>1οσ</strong></span> <span class='ocrx_word' id='word_1_343' title='bbox 1741 2814 1803 2868; x_wconf 76' lang='lat' dir='ltr'><strong>et</strong></span> <span class='ocrx_word' id='word_1_344' title='bbox 1840 2815 1963 2875; x_wconf 82' lang='lat'>138.</span> 
     </span>
    </p>

    <p class='ocr_par' dir='ltr' id='par_1_11' title="bbox 114 2891 2379 4134">
     <span class='ocr_line' id='line_1_33' title="bbox 281 2891 2379 2969; baseline -0.002 -15"><span class='ocrx_word' id='word_1_345' title='bbox 281 2896 592 2954; x_wconf 83' lang='lat' dir='ltr'><strong>Praeterea</strong></span> <span class='ocrx_word' id='word_1_346' title='bbox 634 2898 708 2955; x_wconf 69' lang='grc' dir='ltr'><strong><em>σῖ</em></strong></span> <span class='ocrx_word' id='word_1_347' title='bbox 747 2894 938 2952; x_wconf 86' lang='lat' dir='ltr'><strong>multis</strong></span> <span class='ocrx_word' id='word_1_348' title='bbox 979 2893 1036 2952; x_wconf 87' lang='lat' dir='ltr'><strong>iu</strong></span> <span class='ocrx_word' id='word_1_349' title='bbox 1079 2894 1334 2954; x_wconf 75' lang='lat' dir='ltr'><strong>vocibus·</strong></span> <span class='ocrx_word' id='word_1_350' title='bbox 1355 2899 1677 2969; x_wconf 86' lang='lat' dir='ltr'><strong>posuerunt</strong></span> <span class='ocrx_word' id='word_1_351' title='bbox 1714 2893 1887 2954; x_wconf 80' lang='lat' dir='ltr'><strong>Iones</strong></span> <span class='ocrx_word' id='word_1_352' title='bbox 1928 2891 2379 2968; x_wconf 73' lang='lat' dir='ltr'><strong>Herodotusque</strong></span> 
     </span>
     <span class='ocr_line' id='line_1_34' title="bbox 114 2971 2377 3058; baseline -0.002 -21"><span class='ocrx_word' id='word_1_353' title='bbox 114 2999 220 3058; x_wconf 89' lang='lat' dir='ltr'><strong>pro</strong></span> <span class='ocrx_word' id='word_1_354' title='bbox 250 2978 568 3039; x_wconf 82' lang='lat' dir='ltr'><strong>Atticorum</strong></span> <span class='ocrx_word' id='word_1_355' title='bbox 607 3001 703 3052; x_wconf 88' lang='grc' dir='ltr'><strong>ττ,</strong></span> <span class='ocrx_word' id='word_1_356' title='bbox 757 2979 841 3036; x_wconf 81' lang='lat' dir='ltr'><strong>sic</strong></span> <span class='ocrx_word' id='word_1_357' title='bbox 887 2979 1073 3039; x_wconf 77' lang='grc' dir='ltr'><strong><em>πίσσα</em></strong></span> <span class='ocrx_word' id='word_1_358' title='bbox 1112 2971 1581 3039; x_wconf 72' lang='grc' dir='ltr'><strong>Ιν.145.ασσα</strong></span> <span class='ocrx_word' id='word_1_359' title='bbox 1624 2976 1675 3043; x_wconf 95' lang='lat' dir='ltr'>I</span> <span class='ocrx_word' id='word_1_360' title='bbox 1710 2982 1791 3039; x_wconf 82' lang='lat'><strong>47</strong></span> <span class='ocrx_word' id='word_1_361' title='bbox 1820 2983 1882 3038; x_wconf 83' lang='lat' dir='ltr'><strong>et</strong></span> <span class='ocrx_word' id='word_1_362' title='bbox 1920 2976 2035 3038; x_wconf 82' lang='grc'><strong>8118</strong></span> <span class='ocrx_word' id='word_1_363' title='bbox 2072 2975 2377 3056; x_wconf 73' lang='lat' dir='ltr'><strong>permulta,</strong></span> 
     </span>
     <span class='ocr_line' id='line_1_35' title="bbox 117 3059 2377 3162; baseline -0.002 -41"><span class='ocrx_word' id='word_1_364' title='bbox 117 3083 263 3141; x_wconf 86' lang='lat' dir='ltr'><strong>quae</strong></span> <span class='ocrx_word' id='word_1_365' title='bbox 306 3063 498 3122; x_wconf 80' lang='lat' dir='ltr'><strong>omnia</strong></span> <span class='ocrx_word' id='word_1_366' title='bbox 538 3081 686 3122; x_wconf 84' lang='lat' dir='ltr'><strong>nuuc</strong></span> <span class='ocrx_word' id='word_1_367' title='bbox 725 3069 882 3122; x_wconf 69' lang='lat' dir='ltr'><strong>recte</strong></span> <span class='ocrx_word' id='word_1_368' title='bbox 927 3061 1290 3136; x_wconf 81' lang='lat' dir='ltr'><strong>scribuntur,</strong></span> <span class='ocrx_word' id='word_1_369' title='bbox 1329 3062 1503 3122; x_wconf 81' lang='lat' dir='ltr'><strong>etiam</strong></span> <span class='ocrx_word' id='word_1_370' title='bbox 1541 3061 1655 3134; x_wconf 86' lang='lat' dir='ltr'><strong>ibi,</strong></span> <span class='ocrx_word' id='word_1_371' title='bbox 1698 3063 1795 3120; x_wconf 84' lang='lat' dir='ltr'><strong>ubi</strong></span> <span class='ocrx_word' id='word_1_372' title='bbox 1830 3063 2005 3120; x_wconf 85' lang='lat' dir='ltr'><strong>codd.</strong></span> <span class='ocrx_word' id='word_1_373' title='bbox 2048 3061 2299 3162; x_wconf 71' lang='lat' dir='ltr'><strong>quidam·</strong></span> <span class='ocrx_word' id='word_1_374' title='bbox 2314 3059 2377 3117; x_wconf 82' lang='lat' dir='ltr'><strong>in</strong></span> 
     </span>
     <span class='ocr_line' id='line_1_36' title="bbox 117 3138 2375 3220; baseline 0 -16"><span class='ocrx_word' id='word_1_375' title='bbox 117 3149 365 3214; x_wconf 75' lang='lat' dir='ltr'><strong>Atticam</strong></span> <span class='ocrx_word' id='word_1_376' title='bbox 407 3147 870 3207; x_wconf 81' lang='lat' dir='ltr'><strong>consuetudinem</strong></span> <span class='ocrx_word' id='word_1_377' title='bbox 917 3146 1354 3219; x_wconf 80' lang='lat' dir='ltr'><strong>aberraverant,</strong></span> <span class='ocrx_word' id='word_1_378' title='bbox 1398 3150 1464 3205; x_wconf 85' lang='lat' dir='ltr'><strong>ut</strong></span> <span class='ocrx_word' id='word_1_379' title='bbox 1503 3144 1549 3202; x_wconf 90' lang='grc' dir='ltr'><strong>Ι.</strong></span> <span class='ocrx_word' id='word_1_380' title='bbox 1591 3149 1692 3204; x_wconf 90' lang='grc'><strong>197</strong></span> <span class='ocrx_word' id='word_1_381' title='bbox 1731 3163 1887 3208; x_wconf 79' lang='grc' dir='ltr'><strong><em>ασσα</em></strong></span> <span class='ocrx_word' id='word_1_382' title='bbox 1924 3143 2083 3220; x_wconf 82' lang='lat' dir='ltr'>vulg.</span> <span class='ocrx_word' id='word_1_383' title='bbox 2127 3138 2271 3209; x_wconf 74' lang='grc' dir='ltr'><strong><em>ἅττα</em></strong></span> <span class='ocrx_word' id='word_1_384' title='bbox 2308 3142 2375 3205; x_wconf 87' lang='lat' dir='ltr'><strong>S.</strong></span> 
     </span>
     <span class='ocr_line' id='line_1_37' title="bbox 116 3219 2377 3328; baseline 0 -41"><span class='ocrx_word' id='word_1_385' title='bbox 116 3229 216 3289; x_wconf 94' lang='lat' dir='ltr'>III.</span> <span class='ocrx_word' id='word_1_386' title='bbox 255 3237 328 3290; x_wconf 90' lang='grc'><strong>50</strong></span> <span class='ocrx_word' id='word_1_387' title='bbox 371 3229 690 3293; x_wconf 78' lang='grc' dir='ltr'><strong>Μέλισσαν</strong></span> <span class='ocrx_word' id='word_1_388' title='bbox 731 3238 790 3288; x_wconf 90' lang='lat' dir='ltr'><strong>et</strong></span> <span class='ocrx_word' id='word_1_389' title='bbox 829 3231 1146 3308; x_wconf 81' lang='grc' dir='ltr'><strong>Μελίσσης</strong></span> <span class='ocrx_word' id='word_1_390' title='bbox 1186 3229 1342 3304; x_wconf 85' lang='lat' dir='ltr'>vulg.</span> <span class='ocrx_word' id='word_1_391' title='bbox 1387 3230 1694 3328; x_wconf 84' lang='grc' dir='ltr'><strong><em>Μελίττης</em></strong></span> <span class='ocrx_word' id='word_1_392' title='bbox 1720 3230 1783 3290; x_wconf 89' lang='lat' dir='ltr'><strong>S.</strong></span> <span class='ocrx_word' id='word_1_393' title='bbox 1828 3229 1923 3288; x_wconf 88' lang='lat' dir='ltr'><strong>IV.</strong></span> <span class='ocrx_word' id='word_1_394' title='bbox 1965 3233 2069 3288; x_wconf 77' lang='lat'><strong>134</strong></span> <span class='ocrx_word' id='word_1_395' title='bbox 2109 3219 2377 3290; x_wconf 78' lang='grc' dir='ltr'><strong><em>ἇπαλᾶσ·</em></strong></span> 
     </span>
     <span class='ocr_line' id='line_1_38' title="bbox 119 3303 2377 3388; baseline -0.002 -12"><span class='ocrx_word' id='word_1_396' title='bbox 119 3321 334 3378; x_wconf 83' lang='grc' dir='ltr'><strong><em>σεσθαι</em></strong></span> <span class='ocrx_word' id='word_1_397' title='bbox 372 3314 532 3388; x_wconf 84' lang='lat' dir='ltr'>vulg.</span> <span class='ocrx_word' id='word_1_398' title='bbox 569 3309 1020 3378; x_wconf 72' lang='grc' dir='ltr'><strong><em>ἄπαλάττεσθαι</em></strong></span> <span class='ocrx_word' id='word_1_399' title='bbox 1045 3313 1120 3374; x_wconf 84' lang='lat' dir='ltr'><strong>F.</strong></span> <span class='ocrx_word' id='word_1_400' title='bbox 1181 3311 1252 3373; x_wconf 92' lang='lat' dir='ltr'><strong>V.</strong></span> <span class='ocrx_word' id='word_1_401' title='bbox 1285 3316 1322 3370; x_wconf 84' lang='lat'><strong>6</strong></span> <span class='ocrx_word' id='word_1_402' title='bbox 1357 3305 1755 3388; x_wconf 74' lang='grc' dir='ltr'><strong><em>φυλάσσουσι</em></strong></span> <span class='ocrx_word' id='word_1_403' title='bbox 1795 3313 1949 3388; x_wconf 80' lang='lat' dir='ltr'>vulg·</span> <span class='ocrx_word' id='word_1_404' title='bbox 2006 3303 2377 3388; x_wconf 67' lang='grc' dir='ltr'><strong><em>φυλάττουσι</em></strong></span> 
     </span>
     <span class='ocr_line' id='line_1_39' title="bbox 118 3389 2379 3496; baseline 0.002 -42"><span class='ocrx_word' id='word_1_405' title='bbox 118 3399 178 3455; x_wconf 92' lang='lat' dir='ltr'><strong>S.</strong></span> <span class='ocrx_word' id='word_1_406' title='bbox 241 3397 369 3456; x_wconf 82' lang='lat' dir='ltr'>VII.</span> <span class='ocrx_word' id='word_1_407' title='bbox 411 3402 482 3458; x_wconf 84' lang='lat'><strong>46</strong></span> <span class='ocrx_word' id='word_1_408' title='bbox 523 3393 1050 3478; x_wconf 75' lang='grc' dir='ltr'><strong><em>συνταράσσουσαι</em></strong></span> <span class='ocrx_word' id='word_1_409' title='bbox 1085 3397 1238 3472; x_wconf 83' lang='lat' dir='ltr'>vulg.</span> <span class='ocrx_word' id='word_1_410' title='bbox 1279 3391 1629 3496; x_wconf 73' lang='grc' dir='ltr'><strong><em>σννταράττ.</em></strong></span> <span class='ocrx_word' id='word_1_411' title='bbox 1674 3392 1745 3459; x_wconf 89' lang='lat' dir='ltr'><strong>F.</strong></span> <span class='ocrx_word' id='word_1_412' title='bbox 1817 3396 1916 3456; x_wconf 91' lang='lat' dir='ltr'><strong>IX.</strong></span> <span class='ocrx_word' id='word_1_413' title='bbox 1945 3399 2015 3454; x_wconf 89' lang='grc'><strong>62</strong></span> <span class='ocrx_word' id='word_1_414' title='bbox 2056 3389 2379 3467; x_wconf 64' lang='grc' dir='ltr'><strong><em>ἐλάσσονες</em></strong></span> 
     </span>
     <span class='ocr_line' id='line_1_40' title="bbox 119 3473 2377 3578; baseline 0 -40"><span class='ocrx_word' id='word_1_415' title='bbox 119 3483 268 3558; x_wconf 82' lang='lat' dir='ltr'>vulg.</span> <span class='ocrx_word' id='word_1_416' title='bbox 309 3473 492 3544; x_wconf 79' lang='grc' dir='ltr'><strong>ἐλάττ.</strong></span> <span class='ocrx_word' id='word_1_417' title='bbox 532 3483 605 3541; x_wconf 93' lang='lat' dir='ltr'><strong>F.</strong></span> <span class='ocrx_word' id='word_1_418' title='bbox 643 3515 731 3526; x_wconf 87' lang='lat'><strong>-—-</strong></span> <span class='ocrx_word' id='word_1_419' title='bbox 815 3501 854 3544; x_wconf 89' lang='grc' dir='ltr'><strong>σ</strong></span> <span class='ocrx_word' id='word_1_420' title='bbox 893 3488 951 3541; x_wconf 87' lang='lat' dir='ltr'><strong>et</strong></span> <span class='ocrx_word' id='word_1_421' title='bbox 997 3507 1036 3561; x_wconf 88' lang='grc' dir='ltr'><strong><em>ρ</em></strong></span> <span class='ocrx_word' id='word_1_422' title='bbox 1074 3480 1149 3539; x_wconf 91' lang='grc' dir='ltr'><strong>ΙΙ.</strong></span> <span class='ocrx_word' id='word_1_423' title='bbox 1197 3484 1265 3541; x_wconf 90' lang='grc'><strong>70</strong></span> <span class='ocrx_word' id='word_1_424' title='bbox 1305 3473 1613 3578; x_wconf 72' lang='grc' dir='ltr'><strong>θηρευτής</strong></span> <span class='ocrx_word' id='word_1_425' title='bbox 1652 3485 1807 3540; x_wconf 87' lang='lat' dir='ltr'><strong>recte</strong></span> <span class='ocrx_word' id='word_1_426' title='bbox 1850 3498 2004 3541; x_wconf 77' lang='lat' dir='ltr'><strong>nuuc</strong></span> <span class='ocrx_word' id='word_1_427' title='bbox 2043 3480 2205 3558; x_wconf 77' lang='lat' dir='ltr'>vulg.</span> <span class='ocrx_word' id='word_1_428' title='bbox 2248 3497 2377 3538; x_wconf 89' lang='lat' dir='ltr'><strong>cum</strong></span> 
     </span>
     <span class='ocr_line' id='line_1_41' title="bbox 119 3558 2379 3646; baseline 0 -24"><span class='ocrx_word' id='word_1_429' title='bbox 119 3566 284 3627; x_wconf 83' lang='lat' dir='ltr'><strong>codd.</strong></span> <span class='ocrx_word' id='word_1_430' title='bbox 327 3566 412 3628; x_wconf 86' lang='grc' dir='ltr'><strong>Μ.</strong></span> <span class='ocrx_word' id='word_1_431' title='bbox 455 3565 522 3623; x_wconf 88' lang='grc' dir='ltr'><strong>Ρ.</strong></span> <span class='ocrx_word' id='word_1_432' title='bbox 561 3565 642 3625; x_wconf 92' lang='grc' dir='ltr'><strong>Κ.</strong></span> <span class='ocrx_word' id='word_1_433' title='bbox 680 3566 754 3622; x_wconf 84' lang='lat' dir='ltr'><strong>F.</strong></span> <span class='ocrx_word' id='word_1_434' title='bbox 797 3587 856 3634; x_wconf 71' lang='grc'><strong>8.</strong></span> <span class='ocrx_word' id='word_1_435' title='bbox 901 3567 961 3625; x_wconf 87' lang='lat' dir='ltr'><strong>b.</strong></span> <span class='ocrx_word' id='word_1_436' title='bbox 1004 3587 1055 3626; x_wconf 90' lang='lat' dir='ltr'><strong>c.</strong></span> <span class='ocrx_word' id='word_1_437' title='bbox 1105 3558 1554 3646; x_wconf 68' lang='grc' dir='ltr'><strong>υδὶθηρευτήρ,</strong></span> <span class='ocrx_word' id='word_1_438' title='bbox 1599 3562 1729 3626; x_wconf 86' lang='lat' dir='ltr'>Ald.</span> <span class='ocrx_word' id='word_1_439' title='bbox 1768 3565 1834 3624; x_wconf 90' lang='lat' dir='ltr'><strong>S.</strong></span> <span class='ocrx_word' id='word_1_440' title='bbox 1877 3560 2133 3624; x_wconf 84' lang='lat' dir='ltr'>V...Rd</span> <span class='ocrx_word' id='word_1_441' title='bbox 2171 3561 2379 3622; x_wconf 79' lang='lat' dir='ltr'><strong>—Et</strong></span> 
     </span>
     <span class='ocr_line' id='line_1_42' title="bbox 119 3647 2374 3744; baseline 0.001 -38"><span class='ocrx_word' id='word_1_442' title='bbox 119 3669 192 3728; x_wconf 81' lang='grc' dir='ltr'><strong><em>ρσ</em></strong></span> <span class='ocrx_word' id='word_1_443' title='bbox 232 3653 564 3708; x_wconf 80' lang='lat' dir='ltr'><strong>constanter</strong></span> <span class='ocrx_word' id='word_1_444' title='bbox 605 3651 748 3708; x_wconf 80' lang='lat' dir='ltr'><strong>dixit</strong></span> <span class='ocrx_word' id='word_1_445' title='bbox 779 3650 1112 3710; x_wconf 83' lang='lat' dir='ltr'><strong>Herodotus</strong></span> <span class='ocrx_word' id='word_1_446' title='bbox 1155 3666 1280 3706; x_wconf 75' lang='lat' dir='ltr'><strong>cum</strong></span> <span class='ocrx_word' id='word_1_447' title='bbox 1315 3647 1605 3706; x_wconf 87' lang='lat' dir='ltr'><strong>veteribus</strong></span> <span class='ocrx_word' id='word_1_448' title='bbox 1650 3649 1853 3706; x_wconf 83' lang='lat' dir='ltr'><strong>Atticis</strong></span> <span class='ocrx_word' id='word_1_449' title='bbox 1893 3648 1959 3706; x_wconf 79' lang='lat' dir='ltr'><strong>in</strong></span> <span class='ocrx_word' id='word_1_450' title='bbox 2010 3648 2374 3744; x_wconf 70' lang='grc' dir='ltr'><strong><em>Τυρσηνίην,</em></strong></span> 
     </span>
     <span class='ocr_line' id='line_1_43' title="bbox 117 3729 2377 3813; baseline -0.003 -18"><span class='ocrx_word' id='word_1_451' title='bbox 117 3733 346 3813; x_wconf 71' lang='grc' dir='ltr'><strong><em>χέρσον,</em></strong></span> <span class='ocrx_word' id='word_1_452' title='bbox 387 3729 722 3812; x_wconf 75' lang='grc' dir='ltr'><strong><em>θαρσύνειν</em></strong></span> <span class='ocrx_word' id='word_1_453' title='bbox 763 3732 890 3793; x_wconf 80' lang='lat' dir='ltr'><strong>aliis</strong></span> <span class='ocrx_word' id='word_1_454' title='bbox 916 3733 1131 3806; x_wconf 81' lang='lat' dir='ltr'><strong>multis,</strong></span> <span class='ocrx_word' id='word_1_455' title='bbox 1173 3737 1503 3790; x_wconf 77' lang='lat' dir='ltr'><strong>constanter</strong></span> <span class='ocrx_word' id='word_1_456' title='bbox 1530 3732 1613 3790; x_wconf 88' lang='lat' dir='ltr'><strong>sic</strong></span> <span class='ocrx_word' id='word_1_457' title='bbox 1646 3732 1980 3808; x_wconf 73' lang='lat' dir='ltr'><strong>scribendis,</strong></span> <span class='ocrx_word' id='word_1_458' title='bbox 2022 3739 2083 3794; x_wconf 87' lang='lat' dir='ltr'><strong>et</strong></span> <span class='ocrx_word' id='word_1_459' title='bbox 2120 3734 2205 3792; x_wconf 87' lang='lat' dir='ltr'><strong>sic</strong></span> <span class='ocrx_word' id='word_1_460' title='bbox 2232 3731 2377 3790; x_wconf 88' lang='lat' dir='ltr'><strong>scri</strong></span> 
     </span>
     <span class='ocr_line' id='line_1_44' title="bbox 119 3815 2379 3894; baseline -0.001 -20"><span class='ocrx_word' id='word_1_461' title='bbox 119 3817 324 3878; x_wconf 88' lang='lat' dir='ltr'><strong>buntur</strong></span> <span class='ocrx_word' id='word_1_462' title='bbox 364 3835 514 3875; x_wconf 87' lang='lat' dir='ltr'><strong>nunc</strong></span> <span class='ocrx_word' id='word_1_463' title='bbox 557 3817 786 3894; x_wconf 89' lang='lat' dir='ltr'><strong>quidem</strong></span> <span class='ocrx_word' id='word_1_464' title='bbox 828 3818 1018 3875; x_wconf 79' lang='lat' dir='ltr'><strong>omnia</strong></span> <span class='ocrx_word' id='word_1_465' title='bbox 1056 3815 1190 3890; x_wconf 81' lang='lat' dir='ltr'><strong>illa,</strong></span> <span class='ocrx_word' id='word_1_466' title='bbox 1233 3817 1409 3876; x_wconf 72' lang='lat' dir='ltr'><strong>etiam</strong></span> <span class='ocrx_word' id='word_1_467' title='bbox 1449 3815 1545 3874; x_wconf 89' lang='lat' dir='ltr'><strong>ubi</strong></span> <span class='ocrx_word' id='word_1_468' title='bbox 1588 3815 1756 3874; x_wconf 88' lang='lat' dir='ltr'><strong>codd.</strong></span> <span class='ocrx_word' id='word_1_469' title='bbox 1782 3817 1926 3877; x_wconf 83' lang='lat' dir='ltr'><strong>Mss-</strong></span> <span class='ocrx_word' id='word_1_470' title='bbox 1970 3817 2119 3876; x_wconf 87' lang='lat' dir='ltr'><strong>inter</strong></span> <span class='ocrx_word' id='word_1_471' title='bbox 2141 3835 2211 3892; x_wconf 63' lang='lat' dir='ltr'><strong>,se</strong></span> <span class='ocrx_word' id='word_1_472' title='bbox 2255 3815 2379 3872; x_wconf 90' lang='lat' dir='ltr'><strong>dis-</strong></span> 
     </span>
     <span class='ocr_line' id='line_1_45' title="bbox 118 3896 2376 3982; baseline -0 -24"><span class='ocrx_word' id='word_1_473' title='bbox 118 3901 340 3975; x_wconf 87' lang='lat' dir='ltr'><strong>sident,</strong></span> <span class='ocrx_word' id='word_1_474' title='bbox 381 3900 554 3959; x_wconf 88' lang='lat' dir='ltr'><strong>veluti</strong></span> <span class='ocrx_word' id='word_1_475' title='bbox 596 3901 701 3960; x_wconf 84' lang='lat' dir='ltr'><strong>IX.</strong></span> <span class='ocrx_word' id='word_1_476' title='bbox 744 3907 850 3961; x_wconf 90' lang='grc'><strong>120</strong></span> <span class='ocrx_word' id='word_1_477' title='bbox 899 3896 1392 3979; x_wconf 81' lang='grc' dir='ltr'><strong><em>Χερσονησιτέων</em></strong></span> <span class='ocrx_word' id='word_1_478' title='bbox 1438 3900 1504 3962; x_wconf 87' lang='lat' dir='ltr'><strong>S.</strong></span> <span class='ocrx_word' id='word_1_479' title='bbox 1548 3899 1617 3963; x_wconf 88' lang='lat' dir='ltr'><strong>V.</strong></span> <span class='ocrx_word' id='word_1_480' title='bbox 1662 3898 1841 3964; x_wconf 75' lang='lat' dir='ltr'><strong>Paris.</strong></span> <span class='ocrx_word' id='word_1_481' title='bbox 1887 3896 2376 3982; x_wconf 80' lang='grc' dir='ltr'><strong><em>Χερσονησιωτέ·</em></strong></span> 
     </span>
     <span class='ocr_line' id='line_1_46' title="bbox 121 3979 2377 4063; baseline -0.005 -16"><span class='ocrx_word' id='word_1_482' title='bbox 121 4007 207 4046; x_wconf 85' lang='grc' dir='ltr'><strong>ων</strong></span> <span class='ocrx_word' id='word_1_483' title='bbox 250 3985 382 4049; x_wconf 88' lang='lat' dir='ltr'><strong>edd.</strong></span> <span class='ocrx_word' id='word_1_484' title='bbox 424 3990 588 4057; x_wconf 64' lang='lat' dir='ltr'><strong>vett„</strong></span> <span class='ocrx_word' id='word_1_485' title='bbox 639 3987 744 4042; x_wconf 92' lang='lat' dir='ltr'><strong>sed</strong></span> <span class='ocrx_word' id='word_1_486' title='bbox 789 3986 918 4043; x_wconf 91' lang='lat' dir='ltr'><strong>cod.</strong></span> <span class='ocrx_word' id='word_1_487' title='bbox 958 3985 1029 4045; x_wconf 86' lang='lat' dir='ltr'><strong>F.</strong></span> <span class='ocrx_word' id='word_1_488' title='bbox 1082 3981 1591 4063; x_wconf 75' lang='grc' dir='ltr'><strong><em>Χερρονησιτὲων,</em></strong></span> <span class='ocrx_word' id='word_1_489' title='bbox 1635 3983 1767 4046; x_wconf 89' lang='lat' dir='ltr'><strong>vide</strong></span> <span class='ocrx_word' id='word_1_490' title='bbox 1810 3991 1870 4042; x_wconf 91' lang='lat' dir='ltr'><strong>et</strong></span> <span class='ocrx_word' id='word_1_491' title='bbox 1908 3982 2043 4042; x_wconf 78' lang='lat' dir='ltr'>Var.</span> <span class='ocrx_word' id='word_1_492' title='bbox 2074 3981 2261 4041; x_wconf 82' lang='lat' dir='ltr'><strong>Lectt.</strong></span> <span class='ocrx_word' id='word_1_493' title='bbox 2299 3979 2377 4038; x_wconf 85' lang='lat' dir='ltr'><strong>ad</strong></span> 
     </span>
     <span class='ocr_line' id='line_1_47' title="bbox 120 4063 2289 4134; baseline -0.001 -9"><span class='ocrx_word' id='word_1_494' title='bbox 120 4065 211 4130; x_wconf 87' lang='lat' dir='ltr'><strong>IV.</strong></span> <span class='ocrx_word' id='word_1_495' title='bbox 257 4071 382 4129; x_wconf 81' lang='lat'>143.</span> <span class='ocrx_word' id='word_1_496' title='bbox 427 4066 528 4127; x_wconf 86' lang='lat' dir='ltr'><strong>IX.</strong></span> <span class='ocrx_word' id='word_1_497' title='bbox 569 4073 688 4134; x_wconf 86' lang='lat'>114.</span> <span class='ocrx_word' id='word_1_498' title='bbox 732 4075 854 4130; x_wconf 89' lang='grc'><strong>116.</strong></span> <span class='ocrx_word' id='word_1_499' title='bbox 895 4067 970 4130; x_wconf 91' lang='grc' dir='ltr'><strong>Π.</strong></span> <span class='ocrx_word' id='word_1_500' title='bbox 1013 4073 1100 4130; x_wconf 86' lang='grc'><strong>93.</strong></span> <span class='ocrx_word' id='word_1_501' title='bbox 1146 4066 1248 4126; x_wconf 90' lang='grc' dir='ltr'><strong>ΠΙ.</strong></span> <span class='ocrx_word' id='word_1_502' title='bbox 1291 4070 1378 4125; x_wconf 86' lang='grc'><strong>76.</strong></span> <span class='ocrx_word' id='word_1_503' title='bbox 1421 4063 1491 4127; x_wconf 87' lang='lat' dir='ltr'><strong>V.</strong></span> <span class='ocrx_word' id='word_1_504' title='bbox 1529 4071 1619 4126; x_wconf 88' lang='lat'><strong>49.</strong></span> <span class='ocrx_word' id='word_1_505' title='bbox 1660 4065 1761 4126; x_wconf 67' lang='grc' dir='ltr'><strong>Π.</strong></span> <span class='ocrx_word' id='word_1_506' title='bbox 1799 4073 1886 4124; x_wconf 78' lang='lat'><strong>25.</strong></span> <span class='ocrx_word' id='word_1_507' title='bbox 1928 4064 2026 4122; x_wconf 88' lang='lat' dir='ltr'><strong>VI.</strong></span> <span class='ocrx_word' id='word_1_508' title='bbox 2070 4065 2156 4123; x_wconf 77' lang='lat'><strong>17.</strong></span> <span class='ocrx_word' id='word_1_509' title='bbox 2200 4068 2289 4122; x_wconf 81' lang='lat'><strong>22.</strong></span> 
     </span>
    </p>

    <p class='ocr_par' dir='ltr' id='par_1_12' title="bbox 287 4147 2383 4236">
     <span class='ocr_line' id='line_1_48' title="bbox 287 4147 2383 4236; baseline -0.002 -25"><span class='ocrx_word' id='word_1_510' title='bbox 287 4152 470 4212; x_wconf 82' lang='lat' dir='ltr'><strong>Porro</strong></span> <span class='ocrx_word' id='word_1_511' title='bbox 515 4149 709 4236; x_wconf 72' lang='grc' dir='ltr'><strong><em>μόγις,</em></strong></span> <span class='ocrx_word' id='word_1_512' title='bbox 753 4155 909 4232; x_wconf 87' lang='lat' dir='ltr'><strong>quod</strong></span> <span class='ocrx_word' id='word_1_513' title='bbox 950 4151 1132 4214; x_wconf 87' lang='lat' dir='ltr'><strong>solum</strong></span> <span class='ocrx_word' id='word_1_514' title='bbox 1167 4153 1228 4212; x_wconf 89' lang='lat' dir='ltr'><strong>iu</strong></span> <span class='ocrx_word' id='word_1_515' title='bbox 1269 4149 1507 4212; x_wconf 85' lang='lat' dir='ltr'><strong>Homeri</strong></span> <span class='ocrx_word' id='word_1_516' title='bbox 1548 4148 1887 4212; x_wconf 82' lang='lat' dir='ltr'><strong>carminibus</strong></span> <span class='ocrx_word' id='word_1_517' title='bbox 1928 4147 2231 4224; x_wconf 84' lang='lat' dir='ltr'><strong>invenitur,</strong></span> <span class='ocrx_word' id='word_1_518' title='bbox 2266 4148 2383 4206; x_wconf 81' lang='lat' dir='ltr'><strong>At·.</strong></span> 
     </span>
    </p>
   </div>
  </div>
 </body>
</html>
