2784 4567
369 123 496 190 ιω
1001 125 2013 191 &muna-amun

919 291 2153 373 nequa-mennam»..-

538 413 729 480 Quum
773 411 978 470 Graeci
1017 414 1254 473 multum
1293 411 1563 470 suavitati
1602 413 1825 470 narium
1864 431 1935 470 ac
1974 411 2271 472 vomuisti
2315 415 2379 471 in
2414 415 2667 476 dicendo

369 496 624 554 tribuere
675 496 828 554 soliti
882 498 1032 572 siut,
1095 498 1415 555 mirandum
1468 515 1609 554 sane
1648 512 1769 555 non
1808 503 1967 570 est„
1986 497 2233 556 mobiles
2274 501 2576 576 qmsdam
2616 504 2667 560 iu

369 599 566 638 eorum
605 579 798 656 lingua
833 581 1012 640 fliisse
1049 581 1293 657 litteras,
1326 600 1499 658 quas,
1532 588 1709 660 prout
1740 581 1979 639 auribus
2017 588 2193 660 atque
2232 586 2323 640 ori
2340 584 2667 662 placuerat,

365 665 461 722 vel
485 665 768 724 adderent
799 665 892 723 vel
933 667 1227 724 ‹lenerent
1263 666 1521 728 vocibus.
1588 663 1750 723 Inter
1790 666 1897 724 has
1940 667 2187 724 mobiles
2224 668 2463 726 litteras
2516 669 2569 732 ἶ
2616 679 2670 728 et

367 749 408 812 ῖ
443 743 872 824 ἔφελκυστικᾶ,
935 770 1084 826 quae
1127 755 1366 826 vocant,
1422 751 1779 808 recensenda
1814 769 1983 824 esse,
2040 751 2165 809 fere
2216 761 2483 811 constat.
2572 755 2668 812 flla

367 838 556 891 nutem
607 851 726 892 non
765 835 948 892 solnm
986 835 1172 892 hiatus
1209 835 1431 892 vitandi
1462 848 1635 891 cansa
1674 835 1874 892 addita
1915 851 2047 892 me
2083 835 2380 896 vocabulis
2426 839 2669 915 quibus-

367 919 535 994 dam,
580 917 685 976 sed
727 921 902 977 etiam
935 925 1004 978 ut
1041 939 1237 978 eorum
1279 937 1390 976 usu
1424 917 1521 976 ulii
1560 926 1793 996 quoque
1828 919 2097 976 smvitati
2140 922 2365 978 aurium
2406 925 2671 982 servire-

369 1007 499 1077 tur,
537 1003 630 1060 vel
675 1021 746 1060 ex
789 1023 862 1061 eo
903 1003 1168 1062 concludi
1205 1009 1433 1081 potest,
1474 1003 1633 1079 qnod
1678 1003 1834 1082 apud
1864 1008 2072 1082 poetas
2107 1006 2460 1082 saepissime
2510 1009 2669 1066 metri

367 1103 562 1159 causa,
591 1087 760 1166 ,apud
799 1089 1114 1165 scriptores
1149 1088 1372 1146 solutae
1412 1087 1691 1145 orationis
1726 1107 1845 1146 non
1888 1087 2077 1144 solum
2117 1091 2178 1145 in
2218 1090 2337 1147 fine
2380 1093 2669 1150 sententi-

365 1187 552 1247 arum,
587 1178 862 1246 sequente
893 1191 1172 1246 consona,
1215 1173 1482 1249 apposita
1524 1189 1657 1229 esse
1690 1173 1972 1246 invenies,
2016 1174 2121 1230 sed
2157 1174 2325 1230 etiam
2364 1177 2579 1234 media
2616 1178 2665 1233 iu

365 1255 658 1312 sententia
718 1253 874 1312 nullo
925 1254 1082 1312 hiatu
1121 1263 1368 1334 cogente
1408 1255 1483 1312 cf.
1525 1255 1719 1334 Apoll.
1770 1255 1847 1314 de
1878 1255 2057 1313 Pron.
2114 1258 2175 1313 in
2208 1257 2397 1315 Bekk.
2442 1259 2665 1323 Anecd,

365 1336 440 1393 Π.
485 1357 546 1415 p.
589 1343 696 1396 520
732 1357 823 1414 sq.
893 1337 1056 1398 Pon.
1111 1339 1374 1417 Euripid.
1416 1340 1617 1398 Orest.
1658 1356 1747 1399 vs.
1792 1345 1867 1398 24
1919 1346 1985 1396 et
2025 1339 2313 1399 Addenda
2354 1343 2416 1399 in
2470 1343 2665 1420 Argu-

365 1428 542 1480 ment.
587 1427 646 1480 et
677 1422 844 1486 Nou.
885 1424 960 1483 ad
1003 1423 1268 1482 Medeam
1307 1445 1368 1502 p.
1404 1430 1511 1482 502
1544 1443 1637 1502 sq.
1681 1457 1765 1467 -
1836 1425 2197 1501 Quamquam
2250 1425 2499 1487 minime
2546 1430 2665 1487 infi-

361 1506 494 1564 tiari
529 1511 726 1584 potest
766 1507 921 1586 apud
965 1508 1186 1566 Atticos
1223 1507 1491 1585 politiore
1528 1527 1669 1566 usos
1725 1509 1989 1566 oratione
2032 1516 2370 1568 constanter
2412 1511 2537 1572 has
2578 1513 2664 1571 lit-

363 1596 518 1648 teras
539 1591 714 1648 certis
743 1593 1142 1651 vocabulorum
1183 1595 1386 1650 formis
1428 1594 1743 1650 accessisse
1772 1591 1959 1650 hiatus
2000 1593 2221 1651 vitandi
2264 1613 2473 1672 causa,
2522 1599 2663 1655 anti·

362 1676 564 1751 quiore
625 1681 815 1734 autem
871 1682 1137 1757 tempore
1193 1679 1361 1736 latius
1420 1678 1679 1754 patuisse
1730 1697 1927 1736 earum
1966 1695 2175 1748 usum3
2244 1697 2368 1754 qua
2428 1683 2661 1757 quidem

361 1757 630 1818 libertate
669 1768 881 1838 poetae
921 1763 1170 1820 omnium
1203 1768 1527 1840 temporum
1566 1762 1811 1820 libenter
1846 1770 1909 1820 et
1948 1763 2023 1821 ad
2062 1778 2187 1820 rem
2229 1781 2397 1822 suam
2428 1783 2661 1824 accom-

361 1845 750 1902 modatissime
787 1845 1112 1903 utebantur.
1195 1846 1296 1903 Sic
1329 1847 1543 1923 optime
1606 1847 1877 1904 concilies
1938 1847 2089 1906 iuter
2137 1855 2203 1905 se
2263 1851 2659 1908 recentiorum

361 1929 856 2004 grammaticorum
879 1930 1138 1986 diversas
1158 1930 1483 2006 opiniones,
1526 1944 1769 2006 quorum
1804 1931 1899 1988 alii
1924 1931 1979 1996 ῗ
2006 1927 2451 2010 &melonum-cmiv
2474 1933 2661 1994 hiatus

362 2012 579 2090 vitandi
617 2030 790 2070 causa
835 2029 873 2068 a
911 2012 1152 2071 Graecis
1193 2019 1529 2089 usurpatum
1570 2033 1701 2072 esse
1740 2012 2212 2093 contendunt*),
2275 2017 2373 2074 alii
2416 2025 2659 2096 negant,

362 2096 468 2153 sed
507 2096 952 2153 deminutionem
1001 2113 1376 2154 consonarum
1430 2115 1563 2155 esse
1615 2115 1874 2176 causam,
1937 2119 2039 2159 cur
2078 2101 2217 2158 illud
2260 2117 2381 2159 non
2425 2105 2660 2182 saepius

362 2180 614 2257 positum
647 2180 722 2236 sit
743 2177 859 2257 ¹⁸⁹⁸).
933 2179 1108 2248 Quod
1139 2182 1292 2238 enim
1325 2187 1719 2256 argumentum
1762 2185 2143 2243 Buttmannus
2188 2186 2267 2244 ad
2302 2190 2661 2246 sententiam

364 2278 522 2320 sunm
563 2263 1007 2322 confirmiindam
1047 2264 1233 2324 attulit
1247 2305 1268 2340 ,
1312 2263 1569 2324 Graecos
1610 2266 1803 2324 multis
1844 2270 1972 2327 aliis
2012 2269 2422 2328 vocabulorum
2459 2274 2663 2330 termi-

362 2348 686 2407 nationibus
729 2349 786 2406 in
830 2345 1058 2407 vocales
1111 2349 1538 2424 desinentibus,
1604 2357 1883 2428 sequente
1916 2353 2137 2428 vocali,
2195 2369 2312 2412 non
2354 2353 2663 2416 addidisse

363 2430 498 2490 illud
554 2457 613 2507 ν,
655 2451 841 2511 neque
881 2435 1134 2493 sensisse
1179 2433 1352 2492 ullum
1393 2434 1645 2511 hiatum,
1696 2436 1760 2493 id
1824 2455 1941 2495 non
1989 2437 2226 2496 multum
2282 2437 2487 2498 valere
2536 2442 2660 2500 mihi

361 2517 584 2578 videtur
624 2520 780 2596 apud
834 2537 995 2595 enm,
1059 2519 1158 2596 qui
1194 2517 1463 2578 mobilem
1494 2519 1838 2598 minimeque
1885 2521 1999 2579 sibi
2038 2527 2395 2580 constantem
2440 2527 2660 2584 aurium

362 2619 613 2678 sensum,
655 2604 796 2661 alias
829 2623 1002 2664 voces
1035 2605 1204 2662 aliter
1241 2600 1617 2681 audientium,
1658 2603 1719 2662 in
1738 2623 1852 2664 uua
1880 2605 2198 2682 eademque
2232 2604 2430 2682 lingua
2480 2611 2661 2687 probe

362 2689 523 2746 sciat.
606 2679 1020 2763 Neque'etiam
1069 2705 1316 2764 unquam
1351 2707 1452 2748 eas
1492 2688 1901 2748 vocabulorum
1945 2688 2401 2765 terminationes,
2450 2695 2660 2769 quibus

363 2769 502 2827 illud
537 2793 576 2832 ν
619 2773 877 2827 additum
934 2777 1057 2844 est,
1121 2775 1319 2847 paucis
1384 2775 1641 2850 exceptis
1660 2815 1681 2849 ‚
1740 2773 2097 2853 apostrophe
2154 2775 2348 2852 posito
2394 2777 2659 2853 abJectas

363 2853 575 2928 fuisse,
630 2854 733 2910 sed
771 2855 960 2912 hiatus
1005 2856 1222 2912 vitandi
1265 2877 1441 2916 causa
1480 2857 1622 2916 illud
1667 2878 1707 2920 ν
1747 2860 2041 2936 recepisse
2082 2865 2327 2920 constat.
2418 2860 2566 2921 Huc
2610 2871 2662 2922 et

363 2939 591 2996 accedit
631 2937 936 2997 diversitas
975 2939 1344 2999 dialectorum
1380 2941 1770 3019 Graecarum,
1820 2943 1881 3002 in
1923 2961 2162 3019 quarum
2208 2941 2319 3000 alia
2366 2949 2435 3003 et
2475 2945 2660 3006 hiatus

365 3027 425 3080 et
466 3022 778 3081 deminutio
823 3041 1200 3082 consonarum
1239 3025 1607 3103 obtinebant,
1649 3028 1708 3086 in
1750 3027 1862 3085 alia
1902 3028 2133 3086 minime
2174 3027 2530 3088 obtinebant
2547 3072 2568 3108 ,
2604 3039 2659 3089 ut

363 3108 420 3164 in
463 3105 568 3164 hac
608 3105 1012 3166 vocabulorum
1060 3110 1495 3170 terminationes
1560 3131 1689 3170 cum
1751 3113 1861 3170 illis
1915 3111 2218 3171 mobilibus
2262 3111 2481 3172 litteris
2520 3137 2659 3175 con·

356 3192 586 3267 junctas
619 3191 800 3251 fuisse
839 3193 1069 3271 videas,
1112 3195 1168 3252 in
1209 3191 1308 3252 illa
1343 3213 1459 3254 nou
1500 3198 1757 3276 reperias
1780 3191 1929 3275 ***).
1976 3197 2050 3255 Et
2088 3196 2244 3278 apud
2286 3196 2658 3260 Herodotum

363 3276 594 3353 quidem
635 3296 787 3336 nuuc
827 3278 1041 3336 nostris
1107 3280 1168 3336 in
1233 3279 1648 3357 exemplaribus
1710 3300 1998 3362 perpauca
2056 3288 2371 3360 supersunt
2426 3283 2589 3343 illius
2628 3309 2659 3345 ν

363 3359 546 3418 finalis
587 3361 877 3441 exempla,
943 3362 1018 3420 ab
1075 3361 1336 3421 omnibus
1389 3365 1759 3423 communiter
1791 3371 2071 3444 xretentm
2124 3385 2473 3442 quamquam
2532 3371 2660 3427 aiibi

363 3443 514 3502 haud
556 3463 687 3502 raro
727 3449 837 3504 ista
879 3448 1133 3524 variant,
1189 3465 1256 3505 ac
1297 3451 1531 3526 saepius
1570 3451 1743 3508 etiam
1784 3451 1842 3509 in
1886 3451 2082 3508 codd.
2122 3450 2267 3514 Mss,
2310 3451 2661 3530 quibusdam

363 3527 500 3586 iilud
544 3529 804 3589 additum
845 3532 1144 3610 reperitur,
1186 3532 1313 3590 aliis
1349 3549 1466 3591 non
1505 3535 2011 3599 consentientibus.
2052 3533 2133 3593 Et
2172 3541 2291 3592 tum
2318 3535 2662 3616 plerumque

366 3613 535 3670 etiam
574 3617 826 3693 proxime
865 3617 1226 3694 praecedens
1268 3617 1602 3678 vocabulum
1626 3619 1714 3677 vel
1742 3621 1999 3697 proxime
2024 3635 2275 3697 sequens
2308 3621 2369 3677 in
2405 3620 2661 3680 Atticam

365 3695 768 3776 vulgaremque
823 3702 1290 3760 consuetudinem
1335 3703 1593 3760 invenias
1631 3711 1944 3783 mutatum,
2000 3711 2102 3762 aut
2155 3705 2405 3781 genuino
2456 3708 2663 3765 ordine

374 3846 568 3854 ..ψ-.-

501 3913 942 4049 ’ἴὲρῐξιιιᾞηῆαὲιζ
959 3931 1160 4049 {ugit
1178 3914 1242 4050 pl?
1268 3930 1357 4038 83.
1377 3912 1785 4036 mglequlirimit
1818 3985 2234 4038 controversiam
2270 3983 2417 4040 locus
2446 3987 2661 4056 quidam

253 4067 262 4076 “
366 4048 610 4116 Dionysii
629 4048 753 4106 Hal.
788 4047 917 4116 περὶ
934 4050 1157 4102 συνθεσ.
1196 4069 1243 4105 c.
1281 4049 1333 4102 6.
1370 4051 1511 4119 p.56
1547 4053 1748 4119 Upton.
1788 4055 2060 4109 eRFisch.
2098 4055 2163 4107 ad
2204 4053 2337 4106 Vell.
2376 4055 2423 4123 1,
2462 4074 2523 4126 p.
2546 4057 2660 4113 143.

501 4115 633 4184 ***)
671 4115 1018 4170 Notissimum
1055 4116 1182 4170 illud
1213 4118 1548 4172 Homericum
1583 4119 1672 4186 (ΙΙ.
1714 4117 1775 4187 γ’
1808 4121 1941 4190 388)
1988 4117 2184 4190 ἤσκειν
2256 4139 2317 4174 ro
2353 4119 2553 4191 ἤσκει,
2589 4127 2659 4180 cf.

369 4184 552 4239 much.
589 4185 658 4236 ad
693 4183 830 4239 ven.
865 4187 910 4251 Ι,
947 4203 1001 4253 p.
1039 4184 1138 4239 187
1175 4203 1258 4254 sq.
1318 4188 1482 4254 (ἔτος.
1523 4187 1652 4242 Cor.
1694 4190 1743 4242 d.
1782 4191 1841 4246 d.
1876 4190 2040 4245 Attio.
2078 4210 2132 4260 p.
2176 4193 2199 4243 1
2245 4195 2272 4244 1
2310 4193 2597 4263 (Schaef.)
