2784 4567
745 168 836 231 De
881 167 1120 237 dialecto
1165 170 1497 233 Herodem
1532 170 1632 233 lib.
1674 170 1719 229 1.
2226 160 2237 171 ⁹
2293 166 2379 235 U
2472 228 2483 235 .

109 352 222 411 que
278 333 468 415 paullo
527 335 852 415 explicatius
905 338 1335 419 comparativam
1375 338 1490 397 vim
1540 338 1597 397 in
1645 336 1929 418 particulis
1976 337 2095 397 istis
2136 336 2286 420 πρὶν
2330 336 2380 419 ἤ

105 418 350 527 positam
405 418 718 479 elocutione
769 422 1018 496 quadam
1077 422 1599 481 circumscriberent.
1644 454 1733 465 -
1772 420 1817 479 Ι.
1874 428 1973 481 111
2039 416 2209 497 οἶκος
2260 418 2375 501 μὲν

107 505 233 575 πᾶς
276 498 586 607 Ἁρπάγου
627 504 780 579 vulg.
823 502 936 581 μὲν
977 528 1094 585 γαρ
1137 529 1298 579 απας
1345 508 1403 565 (1.
1470 506 1563 563 Sic
1612 505 1777 562 etiam
1808 502 1909 563 111.
1933 510 2035 564 108
2062 502 2177 586 yde
2208 507 2376 567 omit-

101 588 341 645 tendum
362 595 482 646 erat
513 582 630 650 οσα
669 586 780 667 μὲν
814 585 984 668 (γαρ)
1019 584 1250 667 ψυχήν,
1292 590 1363 647 cf.
1408 589 1741 663 Bernhardy
1781 588 1859 645 ad
1897 528 2130 665 Dionys.
2158 588 2376 667 Perieg.

100 670 137 726 l.
179 669 216 727 1.
251 700 347 715 —-
378 670 614 729 Multam
655 672 800 731 enim
839 672 1170 731 scholiastae
1213 673 1533 751 saepissime
1575 691 1643 729 ac
1689 671 1891 729 librarii
1927 690 2127 730 vanam
2170 692 2377 750 posue-

97 760 238 811 runt
279 774 506 831 operam
546 756 600 812 in
641 755 1038 834 interpolandis
1086 775 1186 834 per
1225 756 1529 834 particulas
1581 756 1855 831 quasdam
1907 754 2143 813 insertas
2202 757 2379 835 scrip-

99 836 352 909 toribus,
424 856 734 914 vanamque
787 846 960 915 atque
1009 840 1454 917 intempestivam
1512 858 1581 899 ea
1639 858 1701 896 re
1754 836 2101 897 affectabant
2156 838 2381 915 elegan-

97 920 260 977 tiam.
345 920 426 979 Et
469 921 582 999 μέν
628 923 856 997 quidem
899 922 954 981 in
996 922 1274 980 nonnullis
1325 924 1463 981 Mss.
1518 922 1801 980 codicibus
1842 922 1921 979 sic
1968 922 2248 981 invectum
2290 931 2379 983 est

101 1002 570 1065 1.10.24.1o7
615 1012 675 1064 et
715 1006 876 1078 alibi;
930 1004 1467 1067 δέΙ.7.27.103.
1523 1010 1641 1064 104.
1681 1009 1815 1078 117;
1860 996 2035 1069 ωνΙ.
2078 1011 2182 1077 82·
2233 1006 2373 1067 121.

101 1090 379 1160 56.102;
433 1088 540 1149 καί
583 1087 626 1145 Ι.
667 1094 752 1147 52.
795 1092 882 1147 61.
925 1092 1010 1148 65.
1063 1092 1146 1147 74.
1190 1095 1325 1162 1085
1389 1083 1476 1168 δή
1515 1087 1559 1148 Ι.
1612 1094 1744 1159 1103
1818 1111 1897 1150 αν
1948 1087 1993 1147 Ι.
2052 1094 2189 1161 108·
2242 1086 2289 1169 ἤ
2327 1090 2372 1149 1.

105 1174 236 1243 137,
275 1170 348 1228 cf.
390 1169 686 1250 Interppr.
709 1172 784 1229 ad
833 1171 901 1229 V.
951 1177 1070 1231 118.
1128 1170 1413 1233 Articulum
1451 1192 1589 1231 vero
1624 1172 1919 1231 innumeris
1960 1173 2080 1231 fere
2121 1174 2179 1231 ‘m
2218 1173 2373 1250 locis,

101 1251 1813 1315 cf..18...91324.32....38405761.75etc.etc.
2408 1284 2419 1294 ⁴

274 1336 574 1396 Praeterea
615 1330 862 1401 εἰκόνι-ια
893 1337 964 1397 Π.
997 1343 1064 1398 71
1099 1340 1471 1398 omittendum
1492 1344 1617 1397 erat
1644 1340 1699 1397 in
1732 1339 1915 1397 verbis
1950 1335 2135 1414 ξυστὰ
2175 1298 2373 1403 uotis-

98 1426 259 1482 σθαι
301 1414 631 1523 (afraivrtoe),
677 1422 746 1479 cf.
789 1420 833 1479 Ι.
885 1426 1004 1481 191.
1073 1422 1141 1481 Π.
1195 1428 1267 1483 33
1307 1432 1366 1484 et
1408 1422 1587 1481 Bekk.
1628 1420 1843 1481 Anecd.
1884 1445 1943 1525 p.
1988 1429 2113 1496 284,
2162 1429 2229 1483 18
2268 1426 2375 1499 ξυ-

97 1500 283 1565 στόν·
307 1499 500 1583 δόρυ,
523 1498 801 1567 ἀκόντιον
849 1504 954 1566 καὶ
995 1528 1062 1565 το
1114 1508 1292 1569 λεῖον.
1325 1539 1412 1551 --
1453 1505 1493 1564 I.
1544 1510 1617 1565 90
1657 1502 1757 1567 τὸν
1798 1504 1915 1585 ἐγώ
1934 1506 2185 1585 ἐτίμησα
2204 1513 2377 1570 θεων

101 1582 368 1665 μάλιστα
421 1588 572 1664 vulg.
633 1591 806 1649 θεοῖν
856 1592 980 1649 τοῖν
1028 1582 1327 1661 Ἑλλήνων
1393 1591 1522 1648 cod.
1584 1608 1633 1647 c.
1718 1589 1800 1647 Et
1852 1596 2031 1662 recte,
2095 1597 2159 1647 ut
2213 1604 2379 1668 puto,

99 1671 396 1729 Bekkerus
438 1672 648 1730 uncinis
690 1671 908 1730 inclusit
940 1672 1110 1729 verba
1147 1671 1452 1750 Ἑλλήνων
1500 1675 1623 1732 τῶν
1656 1671 1777 1728 VII.
1818 1678 1931 1734 145.
1988 1666 2214 1749 χρύσεα
2251 1673 2375 1732 VII.

104 1758 231 1815 190.
301 1754 401 1815 ἐπί
441 1754 588 1813 VIII.
639 1760 727 1814 84.
799 1754 904 1815 καὶ
947 1750 1094 1815 ἑπτὰ
1142 1754 1280 1829 περὶ
1333 1754 1585 1815 ἕκαστον
1634 1747 1919 1825 τάξαντες
1972 1750 2231 1814 εἱλώτων
2276 1754 2375 1813 ΙΧ.

105 1845 194 1895 10.
263 1836 361 1897 ἐπί
409 1837 507 1893 IV.
553 1844 670 1897 102.
696 1870 778 1881 -
799 1841 930 1896 Huc
967 1838 1134 1895 etiam
1170 1839 1495 1897 referendus
1528 1856 1651 1895 esse
1684 1837 1813 1894 mihi
1844 1837 2061 1896 videtur
2086 1837 2177 1895 ille
2206 1856 2379 1899 vexa-

100 1929 202 1979 tus
243 1921 398 1979 locus
435 1920 533 1979 IV.
580 1928 648 1981 11
688 1916 802 1999 τήν
844 1925 956 1983 τοῦ
997 1916 1201 1999 δήμου
1255 1920 1466 2000 φέρειν
1514 1914 1797 2020 χνῶμην,
1867 1944 1953 1993 ως
2004 1914 2375 1986 ἀπαλλάσσε-

104 2011 264 2065 σθαι
302 2008 550 2083 πρῆγμα
603 2003 731 2083 εἴη,
774 2002 927 2085 μηδὲ
993 2002 1141 2105 πρὸς
1191 2001 1455 2077 nullove
1518 1994 1805 2083 δεόμενον
1854 1998 2237 2067 κινδυνεύειν
2292 2007 2377 2066 sic

101 2090 171 2145 S.
206 2088 278 2145 V.
325 2088 389 2146 A.
435 2088 502 2146 B.
591 2088 780 2155 Quum
823 2089 967 2148 enim
1009 2084 1307 2167 δεόμενον
1349 2088 1499 2148 nullo
1542 2088 1715 2147 modo
1760 2096 1911 2147 recte
1952 2088 2207 2167 explicari
2238 2108 2375 2168 pos-

100 2179 216 2243 set,
260 2190 445 2247 neque
493 2178 681 2229 essent
721 2174 955 2231 ferenda
994 2168 1111 2253 πρὸ
1149 2176 1378 2235 πολλοῦ
1394 2166 1683 2277 δεόμενα
1738 2174 1993 2233 codicum
2050 2173 2126 2231 M.
2178 2173 2253 2231 Κ.
2305 2174 2375 2233 F.

102 2257 162 2313 b.
231 2257 288 2312 d.
357 2249 508 2334 πρός
565 2258 792 2317 πολλοῦ
831 2253 1118 2335 γινόμενα
1167 2257 1231 2317 P.
1291 2278 1411 2336 προ
1460 2259 1694 2319 πολλοῦ
1746 2250 2037 2331 δεόμενον
2089 2255 2219 2315 Ald.
2280 2258 2375 2333 ιιΙ.,

101 2337 198 2397 alii
239 2338 402 2398 aliam
451 2338 724 2396 medelam
772 2340 1162 2399 adhibuerunt.
1247 2340 1327 2399 Et
1379 2338 1691 2398 Larcherns
1733 2340 1955 2414 quidem
1991 2342 2198 2414 (quem
2245 2340 2377 2399 vide

85 2423 184 2487 ‚ad
229 2421 284 2478 h.
331 2420 396 2495 1.)
441 2418 732 2499 δεόμενον
773 2422 940 2500 plane
983 2424 1283 2481 delendum
1327 2441 1451 2481 esse
1490 2424 1732 2493 censuit3
1763 2422 2156 2479 Valckenarius
2192 2415 2377 2482 οὐδὲν

104 2502 253 2567 δέον
295 2504 586 2582 μένοντας
637 2506 798 2563 scribi
831 2506 1043 2579 voluit;
1091 2506 1306 2565 Buttm.
1351 2506 1479 2567 δέοι
1519 2504 1813 2581 μένοντας
1838 2504 2149 2582 proposuit.
2214 2503 2377 2571 Quas

103 2589 358 2647 diversas
413 2590 710 2648 doctorum
773 2589 1014 2646 virorum
1055 2589 1376 2647 'sententias
1424 2588 1567 2647 inter
1624 2606 1689 2644 se
1739 2586 1819 2643 ita
1880 2584 2155 2643 conciliari
2209 2604 2379 2662 posse

101 2672 367 2742 arbitror,
423 2679 490 2730 ut
537 2671 678 2733 δέον
706 2671 1154 2765 ‘superscriptum
1195 2670 1639 2729 additamentum
1670 2668 2051 2747 perspicuitati
2079 2668 2377 2728 inserviens

104 2757 188 2812 ita
231 2773 296 2812 se
344 2755 648 2818 insinuasse
704 2752 758 2811 in
807 2758 1130 2813 contextum
1183 2760 1457 2829 statuam,
1512 2760 1579 2812 ut
1629 2752 1820 2811 ultima
1875 2750 2153 2810 littera-
2096 2776 2135 2815 v
2175 2750 2377 2811 omissa

105 2858 240 2896 cum
281 2857 420 2899 voce
462 2838 754 2917 μένοντας
794 2838 849 2895 in
895 2857 1063 2897 unum
1111 2837 1398 2912 coaluerit,
1440 2837 1597 2912 cujus
1640 2844 1699 2895 et
1743 2836 1915 2914 ipsius
1947 2844 2233 2933 postrema
2260 2837 2377 2913 syl-

101 2922 238 2980 laba
287 2922 566 2982 exciderit.
639 2922 828 2982 Verba
871 2923 1016 2981 enim
1055 2914 1553 2983 ἀπαλλάσσεσθαι
1600 2928 1661 2979 et
1708 2919 1911 2999 μένειν
1950 2938 2123 2999 saepe
2154 2921 2235 2979 sic
2270 2918 2377 2977 sibi

99 3006 508 3083 respondentia
549 3006 929 3079 inveniuntur,
986 3006 1114 3064 vide
1165 3005 1208 3064 1.
1263 3010 1352 3066 82.
1412 3008 1499 3065 94.
1584 3004 1678 3063 VI.
1732 3009 1819 3063 22.
1898 3002 2013 3063 VII.
2077 3008 2194 3063 174.
2250 3008 2371 3063 207.

103 3095 234 3147 210.
267 3092 388 3147 219.
439 3095 558 3149 222.
626 3088 778 3148 VIII.
823 3092 908 3147 74.
973 3086 1068 3147 ΙΧ.
1111 3092 1166 3147 8.
1229 3095 1310 3147 11.
1366 3092 1453 3147 26.
1512 3094 1599 3146 55.
1698 3088 1816 3147 Sed
1878 3084 2019 3149 δέον
2072 3088 2191 3146 sive
2245 3086 2404 3149 δέοι-

100 3173 218 3231 hoc
267 3171 323 3229 in
393 3172 658 3231 orationis
728 3190 875 3230 nexu
944 3172 1244 3231 abhorrere
1294 3170 1368 3229 ab
1428 3190 1537 3231 usu
1586 3170 1765 3229 nostri
1817 3170 2131 3249 scriptoris,
2198 3190 2375 3245 quum

100 3255 200 3313 alii
238 3258 357 3328 jam
400 3275 436 3313 a
469 3255 783 3331 Schweigh.
818 3254 933 3319 lex.
975 3256 1262 3315 Herodot.
1305 3274 1356 3313 s.
1398 3273 1489 3313 vv.
1534 3250 1653 3315 δέω
1680 3260 1740 3313 et
1772 3257 2023 3333 πρῆγμα
2062 3255 2219 3313 allati
2264 3254 2375 3313 loci

103 3340 340 3415 docent,
381 3344 499 3396 tum
542 3338 694 3399 vm.
747 3343 818 3398 74
861 3344 922 3397 et
967 3338 1063 3399 ΙΧ.
1107 3342 1196 3397 26.
1282 3338 1479 3406 Quare
1507 3337 1659 3399 haue
1704 3338 2007 3413 genuinam
2058 3354 2185 3397 esse
2239 3356 2374 3396 cen-

102 3440 208 3481 seo
251 3422 612 3498 scripturam:
659 3420 812 3501 μηδὲ
845 3444 1004 3497 προς
1033 3416 1292 3493 πολλους
1336 3421 1625 3499 μένοντας
1660 3415 2062 3483 κινδυνεύειν.

279 3504 438 3563 Alius
480 3507 648 3564 etiam
700 3522 884 3583 neque
911 3506 958 3563 is
1001 3507 1184 3565 minus
1227 3512 1461 3565 vexatus
1504 3504 1661 3563 locus
1714 3512 1805 3565 est
1845 3505 1888 3562 I.
1922 3508 1991 3564 91
2038 3528 2136 3611 woP
2156 3504 2272 3567 ,καὶ
2310 3500 2381 3567 τὸ

104 3593 449 3651 τελευταῖον
494 3588 1045 3671 χρηστηριαζομένῳ
1114 3584 1244 3653 εἷπε
1313 3586 1388 3651 τοὶ
1442 3583 1574 3651 εἷπε
1624 3590 1858 3665 Λοξίης
1906 3588 2045 3667 περὶ
2091 3584 2375 3667 ημιόνου,

109 3667 263 3742 ου’δὲ
301 3677 480 3735 τοῦτο
527 3672 832 3777 συνέλαβε.
899 3674 1009 3733 His
1052 3673 1112 3731 in
1154 3673 1399 3749 vulgatis
1441 3672 1625 3731 verbis
1661 3672 1778 3746 jam
1798 3671 2011 3735 Valck.
2044 3679 2197 3731 recte
2245 3692 2377 3751 per-

103 3758 300 3836 spexit
346 3756 483 3817 illud
534 3752 665 3819 εἷπε
715 3780 787 3817 τα
831 3750 958 3817 εἷπε
1007 3776 1124 3815 non
1165 3758 1459 3817 ferendum
1502 3774 1643 3813 esse.
1730 3756 1794 3813 Si
1844 3756 1993 3815 enim
2050 3774 2171 3814 eos
2203 3756 2377 3831 locos,

105 3858 350 3918 quorum
393 3843 468 3899 ad
510 3839 928 3898 similitudinem
969 3840 1106 3897 illud
1153 3835 1280 3901 εἷπε
1322 3864 1397 3901 τα
1442 3835 1571 3901 εἷπε
1607 3840 2019 3899 conformatum
2080 3845 2189 3912 est,
2230 3840 2379 3897 inter

105 3944 172 3985 se
213 3924 738 4001 comparaverimus,
780 3922 949 3982 talem
981 3924 1284 3984 dictionem
1325 3923 1403 3980 ibi
1448 3928 1671 3983 tantum
1705 3923 1972 3983 obtinere
2002 3921 2241 3999 patebit,
2282 3918 2381 3975 ubi

105 4010 313 4069 eodem
347 4009 518 4066 verbo
563 4010 808 4083 quadam
846 4027 970 4065 cum
1013 4008 1266 4087 emphasi
1308 4008 1553 4084 repetito
1597 4025 1705 4084 pro
1746 4026 1851 4067 sua
1902 4007 2080 4084 ipsius
2135 4002 2216 4063 rei
2278 4018 2381 4075 ap-

105 4090 419 4171 pellatione
453 4110 660 4149 nomen
706 4092 1122 4151 substantivum
1161 4092 1280 4150 sive
1313 4090 1455 4149 illud
1484 4109 1555 4149 ex
1585 4090 1783 4147 eadem
1814 4106 1928 4163 qua
1953 4085 2185 4141 verbum
2204 4083 2383 4159 stirpe

105 4176 502 4256 repetendum,
543 4176 662 4241 sive
703 4195 770 4237 ex
813 4175 957 4246 alia,
1009 4194 1110 4254 per
1157 4193 1472 4254 pronomen
1528 4171 1819 4248 quoddam
1886 4164 2098 4235 majore
2150 4180 2274 4219 cum
2327 4165 2382 4220 vi
