2784 4567
374 102 505 188 εκ
1002 97 1097 160 ne
1134 59 1383 156 «adim
1425 93 1760 156 amota
1797 91 1899 154 m».
1937 91 2082 158 ιιι·

352 288 569 334 menn
626 268 917 328 nonam
966 265 1331 344 proprioru-
1382 263 1694 320 secundnm
1755 261 1994 340 primam
2035 258 2494 318 declinationem
2537 260 2660 318 for-

352 374 513 416 mare
550 354 887 424 maluerunt,
928 349 1105 408 veluti
1147 343 1572 426 Δημοσθὲνας,
1601 339 2048 424 Ἀριστοφάνας
2083 345 2158 403 cf.
2198 345 2392 403 Bekk.
2427 343 2658 402 Anecd.

354 439 471 514 111,
498 458 561 515 p.
607 441 763 498 1191.
848 431 1136 512 Interppr.
1196 433 1271 488 ad
1308 431 1457 494 Plat.
1499 432 1699 506 Symp.
1735 451 1824 506 ιι).
1867 434 1976 488 218
2015 429 2085 491 Β.
2127 460 2216 472 -
2281 429 2410 485 Sed
2461 447 2660 502 gram-

358 522 687 584 maticorum
740 523 1053 597 praecepta
1112 517 1207 574 dea
1250 515 1339 572 his
1389 532 1462 572 ac
1505 513 1778 586 sirnilibus
1821 511 2142 570 nominibus
2181 513 2502 569 flectendis
2541 511 2660 568 lata

356 625 477 664 non
512 607 656 664 ratis
696 602 867 681 plena
896 605 1065 674 sunt,
1106 617 1215 656 nec
1256 598 1400 656 satis
1451 595 1618 655 nobis
1658 597 1850 654 facere
1889 601 2152 673 possunt.
2227 594 2458 655 Dicunt
2502 597 2658 652 enim

356 690 443 763 hi,
486 688 679 746 omnia
720 687 947 744 nomina
988 683 1307 760 composita
1348 683 1406 738 in
1452 680 1520 758 ἧς
1557 682 1854 752 exeuntia,
1883 691 2124 756 quornm
2167 680 2476 757 posterior
2509 699 2660 757 ‚pars

358 775 435 830 nd
468 789 673 830 nomeu
712 769 916 828 tertiae
956 767 1352 824 declinationis
1390 766 1630 842 propius
1669 765 2004 837 accesserit,
2045 764 2216 820 etiam
2259 763 2415 820 hanc
2451 771 2662 820 secuta

362 875 493 914 esse
532 855 859 926 flexionem,
896 840 1150 928 ekoeptis
1194 843 1616 929 ἀγκυλοχείλης
1655 856 1714 906 et
1755 845 2104 928 Ὑπερίδης,
2149 867 2400 924 qnorum
2445 855 2658 924 poste·

362 942 479 996 rins
535 938 773 994 formam
812 934 1023 992 habeat
1074 934 1617 1010 patronymicorum.
1699 932 1850 990 Nam
1913 933 2304 1008 patronymica
2369 932 2434 1016 in
2497 933 2660 1010 ἰὸης,

364 1018 521 1100 ἇδης
554 1025 687 1093 etc.‚
742 1023 809 1076 ut
846 1018 1035 1076 omnia
1075 1018 1189 1074 alia
1228 1019 1285 1073 in
1322 1014 1398 1096 ῖς
1451 1035 1564 1072 non
1608 1016 1922 1093 composita
1941 1054 1960 1088 ,
2011 1021 2111 1073 aut
2151 1016 2490 1092 composita
2529 1035 2658 1073 cum

362 1104 687 1178 nominibus
728 1103 945 1180 primae
986 1101 1385 1160 declinationis
1425 1094 1521 1180 (ut
1538 1093 2021 1177 Ὀλυμπιονίκης)
2042 1099 2357 1156 secundum
2405 1101 2662 1176 primam

362 1187 793 1246 declinationem
836 1185 1121 1242 flectenda
1164 1203 1292 1242 esse
1330 1183 1436 1262 (cf.
1477 1183 1662 1247 Piera.
1709 1184 2020 1240 Herodian.
2061 1203 2122 1259 p.
2149 1188 2274 1249 456.
2320 1183 2420 1259 (In
2453 1184 2660 1240 Herm.

362 1269 609 1328 Emend.
641 1288 703 1345 p.
744 1266 877 1342 305)
918 1265 1103 1326 Bekk.
1148 1268 1362 1327 Anecd.
1405 1285 1466 1343 p.
1502 1270 1626 1325 978.
1689 1267 1833 1340 Sed,
1871 1274 1936 1325 ut
1969 1264 2081 1324 alia
2117 1273 2360 1340 taceam,
2399 1267 2662 1344 quibus-

362 1355 494 1409 dam
528 1353 587 1409 in
618 1351 977 1425 nominibus,
1015 1352 1253 1408 maxime
1286 1349 1636 1428 peregrinis,
1677 1352 1954 1408 incertum
1995 1369 2126 1410 esse
2166 1351 2421 1426 videtur,
2461 1360 2662 1408 utrum

364 1436 574 1493 Graeci
614 1433 757 1496 haec
794 1452 903 1511 pro
942 1435 1275 1511 compositis
1318 1434 1651 1508 habuerint,
1711 1443 1769 1493 et
1810 1453 1950 1492 snae
1981 1434 2374 1492 consuetudini
2413 1455 2664 1493 accom-

362 1520 754 1592 modat-erint,
784 1535 859 1575 au
906 1537 1013 1595 pro
1056 1517 1402 1596 simplicibus
1443 1519 1542 1576 aut
1577 1519 1923 1596 paragogis;
1981 1519 2281 1591 incertum,
2349 1539 2532 1594 quam
2575 1521 2656 1576 ad

363 1602 798 1662 declinationem
842 1602 1087 1679 quisque
1132 1621 1325 1660 eorum
1362 1603 1740 1679 posteriorem
1783 1603 2224 1678 compositorum
2265 1612 2508 1678 partem
2547 1606 2658 1660 fle-

362 1689 545 1760 xerit,
600 1687 676 1744 ad
720 1703 891 1764 quarn
950 1688 1081 1764 ipsa
1131 1687 1408 1764 simplicia
1461 1691 1563 1742 aut
1605 1705 1916 1763 paragoge.
2008 1686 2082 1743 Et
2121 1685 2312 1743 retulit
2361 1686 2656 1744 Priscian.

366 1773 441 1830 de
478 1779 604 1830 arte
642 1775 943 1846 grammat.
1003 1769 1107 1844 Vl,
1150 1789 1198 1830 c.
1258 1777 1345 1844 u,
1409 1789 1469 1846 p.
1524 1776 1631 1828 258
1671 1769 1903 1846 (Krehl)
1959 1771 2343 1847 hujuscemodi
2407 1774 2662 1828 nomina

360 1853 629 1912 Parthica
661 1852 1055 1930 (Mithridates
1074 1893 1095 1928 ,
1137 1853 1454 1932 Tigranes)
1497 1858 1559 1908 nt
1599 1853 1860 1912 Latinos.
1881 1856 1969 1912 sic
2013 1857 2180 1912 etiam
2225 1854 2503 1912 Graecos
2547 1875 2661 1913 an-

364 1938 521 2015 cipiti
562 1936 901 1995 terminasse
942 1938 1221 2014 genitivo,
1264 1937 1438 1995 modo
1475 1933 1552 2000 ῖῖ
1588 1939 1758 1995 modo
1799 1937 1901 2012 ’ὦζ-
1941 1932 2262 2019 Τιγράνης,
2311 1935 2658 2017 Τιγράνου,

380 2015 727 2099 Τιγράνους.
768 2052 853 2064 —-
917 2020 1091 2088 Quod
1139 2040 1253 2078 non
1298 2021 1528 2079 omnino
1571 2020 1796 2098 negabo
1841 2042 2034 2081 verum
2079 2022 2283 2096 fuisse,
2332 2025 2440 2079 sed
2488 2027 2658 2101 apud

364 2101 724 2158 Herodotum
787 2103 1056 2177 quodque
1107 2121 1315 2161 nomen
1370 2124 1540 2162 unam
1581 2110 1802 2164 tantum
1845 2113 2174 2164 constanter
2216 2113 2481 2164 secutum
2518 2127 2661 2168 esse

366 2182 799 2240 declinationem
845 2186 1171 2252 coutendo;
1232 2205 1339 2244 nec
1379 2188 1666 2264 reticebo,
1711 2192 2062 2268 quorundam
2099 2189 2499 2266 hujuscemodi
2521 2201 2658 2251 'no-

364 2267 577 2326 minum
617 2267 923 2342 geuitivum
966 2269 1023 2324 in
1068 2267 1167 2342 E}
1220 2272 1583 2332 terminatum
1621 2273 1849 2334 multam
1889 2274 2100 2334 habere
2141 2275 2557 2352 suspicionem,
2599 2278 2658 2335 si

367 2351 837 2426 consideraveris,
870 2353 925 2410 in
964 2353 1305 2428 nominibus,
1348 2375 1500 2432 quae
1534 2359 1758 2414 tertiam
1797 2366 1993 2434 secuta
2035 2379 2166 2416 esse
2198 2358 2657 2418 declinationem

366 2438 514 2494 inter
557 2455 755 2494 omnes
798 2442 1044 2511 constat,
1084 2439 1418 2516 saepissime
1453 2439 1597 2499 hanc
1617 2442 1864 2500 Ionicam
1905 2444 2140 2519 genitivi
2184 2444 2656 2502 terminationem
2781 2511 2783 2514 Α

364 2539 400 2578 a
440 2519 687 2578 librariis
727 2521 783 2577 in
827 2521 1117 2598 vulgarem
1158 2541 1225 2580 ac
1267 2529 1620 2584 contractam
1672 2545 1802 2585 esse
1864 2535 2165 2600 mutatam,
2228 2528 2284 2584 in
2343 2527 2454 2584 illis
2507 2548 2654 2586 vero

362 2604 580 2680 primae
624 2604 1017 2667 declinationis
1058 2612 1159 2666 aut
1190 2626 1478 2682 nunquam
1517 2618 1616 2667 aut
1657 2630 1780 2668 cum
1823 2609 1939 2682 ἒῖῖς
1974 2617 2366 2690 permutatam.
2463 2613 2649 2680 Quod

362 2693 663 2762 utrumque
692 2707 801 2746 nos
830 2691 1010 2766 magis
1038 2693 1111 2748 ad
1141 2693 1594 2750 terminationem
1625 2694 1699 2758 εἶ,
1720 2715 1890 2772 qnam
1916 2696 2007 2771 ffi
2026 2697 2231 2754 ducere
2251 2712 2428 2772 posse
2449 2702 2647 2772 patet.

498 2769 638 2826 'His
684 2771 857 2845 igitur
895 2774 1221 2848 praemissis
1259 2775 1333 2832 ad
1373 2777 1599 2851 singula
1641 2798 1901 2858 quaeque
1935 2781 2348 2840 considerantia
2388 2782 2650 2838 acceda-

363 2869 509 2908 mus.
597 2852 669 2908 Et
716 2852 939 2911 nomina
980 2859 1368 2932 patronymica
1413 2862 1639 2936 quidem
1677 2863 1760 2920 vel
1808 2883 1908 2938 ea,
1961 2885 2108 2942 quae
2147 2865 2386 2921 formam
2421 2863 2648 2922 habent

360 2935 877 3011 patronymicorum
942 2945 1000 2996 et
1061 2940 1116 2998 in
1180 2941 1347 3020 ίδης,
1429 2938 1584 3023 α’δης
1642 2949 2047 3025 terminantur,
2107 2956 2329 3006 constat
2389 2949 2646 3025 primum

364 3022 560 3074 secuta
600 3035 728 3074 esse
783 3018 1255 3082 declinationem:
1314 3019 1798 3108 Ἀριστολαΐδης,
1841 3035 1957 3094 dem
1998 3032 2043 3089 Ι.
2087 3038 2173 3092 59.
2247 3033 2642 3110 Βασρληΐδης,

362 3099 481 3162 <leoz
525 3097 674 3155 VIII.
716 3105 833 3161 132.
902 3108 1249 3186 Λεωνίδης,
1304 3112 1453 3185 δεω,
1501 3115 1576 3197 δῃ
1621 3113 1770 3197 (VII.
1814 3121 1918 3176 217
1963 3137 2093 3194 sqq.
2146 3119 2248 3177 225
2287 3135 2438 3192 sqq„
2476 3117 2636 3176 Vm.

360 3187 449 3242 21·
492 3188 593 3241 114
634 3192 740 3249 etc.
782 3189 917 3265 etc.)
987 3193 1300 3254 Λεωνίδεα
1338 3195 1492 3254 VIII.
1537 3206 1605 3257 15
1647 3200 1800 3278 vulg.
1835 3200 1980 3281 (δην
2026 3201 2098 3258 Κ.
2142 3201 2241 3279 F.)
2281 3207 2351 3259 21
2397 3201 2640 3261 Λεωνί-

363 3268 469 3328 δεα
510 3268 659 3345 vulg.
701 3269 842 3348 (δην
883 3273 982 3337 F.)
1020 3279 1085 3336 71
1126 3277 1277 3354 vulg.
1325 3300 1449 3338 cum
1487 3283 1552 3344 S.
1591 3281 1658 3345 V.
1709 3284 1820 3342 Alii
1854 3287 1984 3360 δην.
2050 3285 2172 3342 Sed
2218 3302 2416 3342 omnes
2453 3293 2642 3346 Λεω-

362 3351 543 3428 νίδην
582 3355 968 3428 praebuerunt
1007 3360 1078 3419 V.
1118 3367 1204 3424 41.
1243 3361 1367 3426 Vn.
1413 3371 1535 3424 205.
1577 3373 1700 3426 206.
1745 3375 1850 3428 220
1897 3369 2002 3428 bis.
2064 3376 2186 3428 222.
2219 3373 2342 3428 223.
2401 3369 2506 3431 ΙΧ.
2545 3375 2644 3430 64.

364 3439 451 3492 ⁷8·
500 3466 585 3479 —
650 3439 878 3513 Μίδης,
918 3442 1033 3519 δην
1068 3441 1113 3508 1.
1162 3451 1244 3508 14.
1281 3441 1486 3527 Ἀΐδην
1527 3448 1600 3507 11.
1647 3458 1766 3510 122.
1813 3447 2185 3530 Εὕαικωης,
2230 3452 2336 3513 σε..
2383 3455 2450 3511 v.
2505 3462 2637 3513 102.

363 3517 511 3592 (δην
553 3515 630 3571 Μ.
667 3515 735 3573 Ρ.
776 3519 851 3576 K.
894 3521 959 3578 1³¹.
1000 3525 1066 3584 A.
1102 3525 1199 3607 B.)
1274 3533 1667 3612 Φιλιππίδης,
1713 3535 1829 3597 δεω
1865 3538 1994 3613 (VI.
2043 3539 2166 3612 105)
2207 3537 2321 3613 δην
2362 3536 2492 3596 VII.
2543 3545 2639 3600 62.

361 3599 486 3657 117.
537 3631 608 3639 —
678 3605 1069 3682 Λευτυχίδης,
1105 3610 1241 3691 δεω,
1288 3617 1363 3698 δῃ
1410 3617 1532 3696 (VI,
1573 3623 1660 3678 65.
1699 3623 1785 3679 69.
1832 3624 1918 3681 71.
1960 3627 2048 3686 85.
2138 3619 2460 3680 vla-131.
2535 3623 2640 3686 IX.

360 3687 447 3740 90-
493 3680 611 3756 99·)
670 3681 775 3744 δεα
815 3685 911 3771 γι.
950 3691 1037 3749 65.
1080 3693 1222 3774 (δην
1266 3700 1353 3769 S.)
1418 3705 1504 3761 73.
1571 3704 1714 3783 (δην
1756 3705 1850 3781 S.)
1886 3711 1954 3766 85
1995 3707 2100 3764 bis.
2165 3699 2320 3763 vm.
2369 3711 2496 3766 131.
2536 3707 2638 3764 1x.

236 3911 249 3926 ⁶
358 3910 641 3998 Συρᾶκησ,
670 3929 747 3996 pv
783 3913 1042 3984 Polyaen.
1078 3924 1196 3978 VII.
1239 3927 1323 3991 12,
1362 3933 1412 3983 1.
1434 3959 1506 3972 —·
1538 3932 1697 3990 Phot.
1738 3935 1773 3989 Ι.
1810 3934 1847 3988 1.
1882 3937 1916 3998 S
1942 3919 2024 3987 ‘53
2048 3929 2316 4004 Ἰδέρνεω.
2356 3967 2432 3978 --
2465 3941 2640 3994 Φιλο-

351 3997 561 4047 κτητου
593 3981 865 4052 Ari-toph.
900 3985 1126 4040 Acharn.
1166 3992 1287 4048 424.
1320 4023 1393 4034 —-
1448 4000 1556 4052 Sed
1592 4002 1787 4055 tertiae
1817 4003 2188 4058 declinationis
2222 4015 2348 4058 sunt
2375 4002 2644 4072 Ἀρνάπει

352 4045 601 4115 Xenoph.
632 4049 769 4102 Heu.
804 4051 849 4133 J,
882 4053 938 4118 3,
972 4055 1056 4108 12.
1118 4059 1514 4129 Mevoo'toivnc,
1546 4083 1680 4127 vove
1713 4070 1866 4123 Phoe.
1901 4073 2054 4129 Otos.
2097 4077 2133 4138 9
2168 4073 2240 4128 48
2273 4075 2401 4140 (alii
2434 4073 2640 4133 'octoi-

321 4116 515 4180 wove)
556 4115 889 4187 Mwoctoevn
923 4125 958 4183 S
991 4123 1081 4174 45.
2121 4191 2126 4198 ,
2255 4179 2260 4184 ·
2457 4185 2466 4194 -
