2784 4567
360 157 488 223 190
983 151 1076 218 De
1115 151 1364 214 dialecto
1403 149 1743 210 Herodoten
1784 147 1887 215 Iib.
1930 146 2007 208 ΙΙ.

363 323 524 388 VIII.
568 329 600 384 1
643 315 994 402 ἐπεβῶθεον
1022 319 1086 384 S.
1111 319 1361 381 Weseel,
1389 318 1507 378 alii.
1574 309 1957 397 ἐπεβοήθεον
1982 313 2055 374 F.
2098 332 2155 373 a.
2196 314 2258 374 b.
2294 313 2427 371 alii.
2514 313 2673 380 VIII.

367 416 442 472 14
485 401 826 487 ἐπεβῶθεον
867 406 931 462 8.
973 404 1045 466 V.
1085 403 1334 462 Wessel.
1377 403 1473 461 alii
1493 440 1514 477 ‚
1576 395 1957 482 ἐπεβοήθεον
2005 399 2079 456 F.
2134 415 2195 456 ιι.-
2232 403 2295 456 et
2344 398 2497 454 edd.
2536 406 2674 456 vett.

369 525 457 538 —-
520 485 840 571 ἐβῶθησαν
881 487 1032 548 VIII.
1081 491 1150 546 47
1207 503 1356 546 nune
1416 486 1573 560 πῶς.
1620 505 1751 544 cum
1790 484 1860 542 V.
1928 479 2295 586 ἐβοήθησαν
2342 481 2435 542 Μ.
2486 479 2555 540 Ρ.
2598 483 2673 541 K.

371 578 440 636 S.
463 574 554 634 Β.
618 567 1037 655 βοηθήσαντες
1072 570 1207 628 edd.
1252 575 1388 628 vett.
1472 568 1625 628 VIII.
1663 574 1734 628 45
1776 567 2189 646 ἐπεβωθησαν
2236 566 2405 622 mim:
2450 566 2676 639 vulgat.

375 678 501 718 cum
539 659 604 716 S.
644 658 711 715 V.
782 655 894 714 Alii
933 649 1390 735 ἐπεβοήθησαν.
1476 651 1627 710 VIII.
1671 656 1741 711 72
1797 644 2203 733 βωθήσαντες
2244 667 2411 706 nune
2456 649 2673 725 vulgat.

2733 1 2784 388 1

376 761 506 802 cum
543 741 708 800 Eust-
753 739 794 796 I·
834 739 872 796 I·
936 732 1354 818 βοηθήσαντες
1398 735 1531 796 Ald.
1570 737 1636 798 S.
1682 736 1801 796 aL·
1848 735 2008 793 VIII.
2062 739 2169 794 144
2209 731 2367 813 πρὶν
2406 755 2679 806 -παρν
2782 761 2784 782 ι

380 832 536 890 εἶναι
575 856 666 870 -—·
705 825 1114 904 προβωθῆσαι
1153 821 1342 881 Bekk.
1385 825 1541 876 recte
1614 821 2082 898 (προβοηθῆσαι
2128 818 2265 875 edd.
2312 821 2467 874 vett.
2512 817 2584 875 12.
2626 835 2678 873 a.

381 931 434 972 c.
479 907 588 986 d.).
644 908 1096 988 προσβωθῆσαι
1129 903 1364 964 Schaef.
1404 901 1587 964 Gaisf.
1630 904 1697 960 S.
1725 903 1797 959 V.
1824 901 1971 960 Van.
2014 933 2103 946 -·-
2152 901 2273 958 Sed
2320 918 2677 978 quamquam

277 1029 295 1040 s
379 993 532 1052 hunc
570 992 918 1066 Ionismum‚
979 995 1046 1048 ut
1099 990 1152 1045 is
1201 1005 1401 1046 omnes
1448 985 1559 1043 huc
1606 987 1962 1064 pertinentes
2012 983 2175 1044 verbi
2234 979 2423 1064 βοάω
2469 985 2681 1044 formas

383 1075 538 1155 apud
577 1075 938 1134 Herodotum
979 1074 1178 1131 obvias
1224 1075 1317 1128 est
1358 1076 1735 1148 persecutus,
1776 1071 1862 1128 sie
1900 1070 2071 1127 etiam
2114 1086 2319 1125 omnes
2366 1069 2683 1128 verborum

383 1162 606 1236 νοῆσαι
641 1163 702 1216 et
742 1157 990 1237 βοηθέω
1037 1154 1459 1232 exspectaveris
1500 1159 1863 1228 persecutum
1906 1171 2065 1226 esse,
2106 1157 2327 1228 tamen,
2366 1153 2427 1209 si
2468 1156 2683 1211 nostris

385 1241 547 1300 libris
589 1240 734 1298 fides
779 1248 891 1316 est,
937 1241 993 1296 in
1036 1239 1147 1295 iuis
1193 1237 1333 1293 solis
1378 1237 1651 1314 exemplis
1696 1237 1809 1294 fixa
1848 1237 2029 1294 fuisse
2074 1235 2331 1309 videtur,
2380 1255 2583 1312 neque
2626 1239 2682 1295 in

389 1323 512 1384 aliis
556 1322 849 1400 permultis
899 1323 1072 1379 ullum
1121 1326 1366 1398 apparet
1408 1322 1531 1396 ejus
1572 1321 1909 1394 vestigium,
1962 1337 2151 1396 neque
2204 1319 2263 1375 iu
2314 1319 2491 1376 libris
2538 1321 2680 1379 Mss.

389 1425 578 1482 neque
621 1407 680 1464 in
723 1407 924 1473 editisz
971 1407 1058 1464 sic
1103 1403 1386 1484 βοηθέεις
1428 1403 1474 1464 I.
1520 1407 1645 1463 159.
1707 1397 1938 1483 βοήθεε
1982 1402 2110 1460 VII.
2154 1405 2278 1462 157.
2327 1406 2463 1461 159.
2530 1406 2681 1483 βοη-

390 1489 614 1562 θέουσι
652 1489 699 1550 Ι.
735 1495 822 1550 62.
866 1489 935 1552 V.
981 1493 1068 1552 77.
1104 1488 1200 1545 VI.
1234 1492 1326 1548 92.
1408 1486 1720 1566 βοηθέωσι
1755 1487 1879 1544 VII.
1900 1492 2044 1546 ’235.
2133 1483 2405 1566 βοηθέοι
2449 1487 2553 1550 IX.
2594 1493 2678 1548 57.

391 1572 683 1655 βοηθέειν
717 1574 760 1631 Ι.
801 1577 892 1634 81.
939 1578 1011 1634 83
1055 1573 1164 1631 bis.
1203 1571 1306 1630 III.
1347 1576 1439 1630 46.
1494 1571 1567 1633 V.
1602 1576 1693 1634 65.
1733 1575 1822 1640 80.
1868 1570 1966 1628 VI.
2011 1575 2135 1629 106.
2185 1573 2309 1634 138.
2370 1569 2514 1630 VII·
2558 1577 2676 1637 145.

371 1663 518 1718 ’158.
561 1662 682 1718 159.
724 1661 847 1719 165.
895 1662 1018 1720 168.
1065 1660 1188 1716 172.
1231 1654 1332 1714 ΙΧ.
1378 1659 1466 1714 60.
1506 1658 1599 1713 61.
1686 1652 2080 1734 ἐπιβοηθέειν
2126 1653 2249 1711 VII.
2300 1657 2437 1716 207.
2529 1657 2677 1735 βοη-

392 1740 565 1806 θέων
597 1742 694 1801 VI.
737 1747 828 1804 23.
879 1742 1003 1800 VII.
1049 1743 1170 1804 157.
1257 1735 1603 1818 βοηθέοντα
1641 1737 1773 1796 VII.
1816 1743 1937 1798 198.
2024 1735 2399 1818 βοηθέοντες
2438 1738 2509 1800 V.
2559 1747 2675 1800 120.

278 1844 286 1852 “
393 1825 494 1884 VI.
541 1830 662 1885 108.
707 1825 862 1885 VIII.
904 1831 996 1884 84.
1083 1822 1469 1904 βοηθέοντας
1502 1820 1603 1880 111.
1646 1817 1757 1881 39.'
1790 1822 1861 1881 V.
1900 1827 1990 1881 86.
2032 1821 2131 1884 VI.
2164 1826 2252 1880 88.
2300 1827 2432 1880 108.
2522 1827 2678 1904 βοη-

395 1911 630 1971 θεῦσαν
670 1909 742 1969 II.
783 1915 889 1968 118
928 1906 1021 1986 (et
1063 1907 1244 1982 Greg.
1292 1906 1434 1963 Cor.
1474 1905 1535 1965 d.
1579 1905 1637 1968 d.
1679 1907 1804 1964 Ion.
1846 1907 1876 1980 §
1921 1903 2057 1981 60).
2082 1937 2169 1948 ·-—-
2224 1900 2545 1984 ἐβοήθεον
2580 1909 2674 1970 IV.

402 1997 523 2052 125.
567 1992 638 2050 V.
679 1995 769 2050 89.
814 1996 902 2050 99.
947 1998 1072 2051 102.
1110 1989 1212 2050 VI.
1255 1995 1347 2051 23.
1394 1990 1485 2047 77.
1524 1993 1651 2048 103.
1697 1994 1819 2048 108.
1867 1994 1987 2048 116.
2033 1993 2156 2047 138.
2205 1988 2337 2046 VII.
2381 1996 2511 2058 168.
2558 1997 2677 2052 178.
2783 1989 2784 1996 “

400 2079 527 2136 203.
615 2069 978 2152 ἐξεβοήθεον
1025 2074 1127 2135 VI.
1180 2077 1272 2132 16.
1357 2066 1613 2172 ἐβοήθεε
1664 2072 1763 2130 VI.
1804 2075 1894 2135 92.
1977 2066 2319 2152 βοηθήσειν
2374 2073 2511 2133 VII.
2556 2081 2677 2135 206.

407 2149 826 2237 βοηθήσοντες
869 2155 999 2212 VII.
1045 2161 1164 2214 158.
1252 2152 1565 2236 ἐβοήθησε
1616 2155 1741 2214 VII.
1798 2159 1919 2214 165.
2007 2151 2391 2240 ἐπεβοήθησε
2444 2159 2550 2218 ΙΧ.
2594 2165 2679 2219 23.

405 2233 768 2318 ἐβοήθησαν
808 2239 911 2298 111.
953 2241 1041 2297 47.
1129 2239 1440 2318 βοηθῆσαι
1481 2238 1580 2298 VI.
1627 2243 1747 2297 106.
1807 2238 1903 2300 lx.
1946 2244 2037 2300 61.
2104 2236 2459 2319 βοηθήσας
2500 2243 2549 2302 I.
2592 2249 2677 2303 30.

404 2317 814 2466 βοηθήσαντα
869 2321 992 2381 VII.
1053 2325 1174 2385 189.
1277 2319 1728 2401 βοηθησάντων
1778 2320 1827 2380 Ι.
1886 2329 2005 2380 150.
2061 2328 2151 2385 82.
2240 2322 2681 2405 βοηθήσαντος

436 2406 508 2467 ΙΙ.
547 2411 635 2467 54.
721 2401 1139 2487 βοηθήσαντες
1177 2403 1331 2469 VIII.
1367 2409 1455 2470 71.
1491 2411 1580 2468 72.
1668 2399 2154 2486 ἐκβοηθήσαντες
2198 2405 2299 2465 IX.
2347 2414 2445 2468 26.
2530 2414 2679 2491 βοη-

407 2483 568 2564 θούς
609 2491 681 2548 v.
726 2495 812 2555 77.
855 2497 944 2555 97.
1010 2491 1109 2550 Vl.
1154 2497 1276 2551 100.

576 2575 748 2636 Plura
801 2577 976 2652 igitur
1026 2581 1158 2634 sunt
1201 2572 1495 2652 exempla,
1548 2572 1647 2630 ubi
1699 2573 1880 2630 nostri
1922 2572 2156 2650 quidem
2198 2572 2331 2632 libri
2371 2595 2583 2634 omnes
2623 2577 2680 2634 in

405 2661 622 2718 formas
651 2679 770 2720 non
802 2667 1125 2720 contractas
1151 2659 1535 2731 consentiunt,
1570 2673 1741 2733 quam
1780 2657 1877 2714 ubi
1912 2658 1972 2714 in
2000 2662 2346 2732 contractas,
2386 2667 2461 2718 ut
2496 2679 2679 2737 neque

407 2744 548 2801 haec
599 2762 786 2818 neque
839 2743 938 2802 ina
999 2747 1220 2800 mutare
1277 2740 1529 2812 audeas,
1600 2740 1706 2798 sed
1757 2740 2094 2800 Herodotus
2152 2743 2276 2820 ipse
2332 2742 2448 2800 hac
2502 2745 2563 2802 in
2617 2763 2677 2802 re

406 2826 656 2884 variasse
705 2825 809 2882 tibi·
857 2825 1178 2884 censendus
1221 2825 1315 2882 sit.
1398 2825 1671 2900 Idemque
1715 2824 1789 2882 de
1832 2825 1957 2883 aliis
1999 2843 2116 2883 non
2158 2828 2480 2885 contractis
2521 2827 2678 2888 verbi

408 2912 625 2986 νοῆσαι
674 2907 870 2975 formis
923 2907 1075 2984 apud
1126 2913 1382 2966 nostrum
1422 2907 1601 2965 obviis
1644 2907 1777 2966 licet
1812 2909 2090 2984 judicari,
2146 2915 2206 2968 ut
2258 2911 2580 2988 praecipue
2618 2912 2675 2969 in

409 2992 727 3068 composito
767 2991 1058 3064 ἐννοδσαι,
1099 2990 1255 3067 eujus
1299 3009 1413 3050 non
1456 2993 1817 3052 inveniuntur
1852 2993 2143 3052 contraria
2186 2994 2483 3072 exempla,
2538 2995 2677 3054 haee

410 3073 724 3132 contractio
777 3073 1092 3136 obtinuisse
1146 3075 1427 3134 videatur.
1512 3069 1738 3152 νοήσας
1787 3075 1833 3134 1.
1880 3081 2005 3136 104.
2092 3073 2431 3154 ἐπινοήσας
2486 3077 2531 3139 I.
2588 3083 2673 3137 48.

411 3152 742 3237 νοήσαντες
781 3159 878 3220 IV.
920 3163 1040 3238 118.
1105 3151 1556 3234 ὑπονοήσαντες
1596 3158 1695 3220 ΙΧ.
1733 3164 1820 3223 99.
1870 3154 2211 3239 ἐπενόησαν
2254 3161 2295 3219 1.
2332 3168 2462 3221 150.
2522 3157 2677 3240 νοή-

415 3235 584 3306 σωσῖ
612 3241 763 3303 VIII.
821 3247 907 3304 97.
995 3237 1310 3323 ἐπενοήθη
1361 3241 1464 3306 ΙΙΙ.
1517 3249 1647 3304 Ι122.
1733 3243 2138 3323 ἐπινοηθῆναι
2180 3244 2281 3306 VI.
2328 3253 2457 3304 115.
2545 3248 2678 3309 δια·

410 3331 720 3407 νοηθῆναι
757 3327 804 3388 Ι.
849 3333 972 3388 126.
1062 3321 1319 3406 α’νόητος
1364 3326 1410 3384 1.
1452 3331 1543 3386 87.
1630 3322 1914 3406 ἀνοήτων
1949 3327 1995 3391 I.
2036 3333 2089 3388 4.
2177 3321 2486 3408 ἆνοήτους
2522 3329 2678 3391 VIII.

412 3419 502 3472 24.
592 3405 867 3488 νοήμονα
899 3411 1000 3470 ΠΙ.
1045 3418 1134 3474 34.
1221 3406 1547 3490 νοημάτων
1589 3409 1691 3473 III.
1732 3418 1823 3473 80.

585 3494 880 3571 Adjectiva
919 3501 1109 3556 autem
1154 3498 1386 3555 nomina
1447 3495 1502 3552 in
1550 3496 1746 3573 ωδης,
1797 3497 1953 3569 ωδες
1991 3497 2153 3556 finita
2209 3494 2588 3579 (ταραχῶδες
2632 3497 2681 3559 Ι.

413 3582 504 3639 32.
554 3567 926 3660 ἀκανθώδης
959 3577 1003 3644 Ῑ.
1045 3585 1171 3640 126.
1236 3569 1563 3659 αὐχμώδης
1601 3580 1647 3642 Ι.
1696 3585 1815 3644 142.
1884 3571 2225 3664 ἄργιλοῦδης
2266 3581 2342 3647 ΙΙ.
2378 3587 2469 3640 12.
2536 3600 2683 3658 σαρ-

411 3657 616 3741 κοίδης
657 3663 756 3728 III.
796 3669 884 3725 29.
969 3657 1317 3743 ψαμμώδης
1359 3662 1432 3720 11.
1469 3667 1555 3723 32.
1598 3663 1697 3725 IV.
1738 3668 1860 3724 191.
1946 3659 2265 3744 θηριώδης
2297 3663 2345 3723 I.
2382 3671 2509 3725 110.
2555 3672 2678 3728 111.

410 3746 485 3822 Π.
527 3752 614 3807 32.
659 3751 745 3808 65.
805 3749 904 3810 lv,
950 3751 1069 3812 174.
1115 3753 1238 3810 181.
1283 3749 1407 3808 191.
1459 3745 1558 3809 Vt.
1602 3753 1691 3810 44.
1778 3741 2047 3827 λιθώδης
2087 3749 2183 3806 lv.
2224 3754 2317 3808 23.
2404 3742 2683 3828 ποιώδης

408 3830 504 3892 IV.
542 3830 636 3908 47)
674 3851 978 3910 perperam
1021 3833 1153 3890 olim
1194 3849 1299 3907 pro
1337 3831 1643 3890 contractis
1684 3851 1785 3892 ex..
1799 3828 2021 3914 οειὸήὲ,
2070 3832 2265 3906 οειδές
2305 3832 2505 3892 habita
2547 3852 2680 3892 esse

408 3916 616 3973 docent
670 3915 760 3973 vel
816 3916 974 3991 ipsae
1033 3916 1291 3973 Graecae
1345 3915 1753 3973 contractionis
1803 3916 1963 3992 leges
2016 3923 2405 3992 accentusque
2450 3918 2681 3976 diversa

406 3999 654 4074 positia,
697 4015 766 4054 ac
808 3999 1302 4071 grammaticorum
1341 4002 1595 4057 veterum
1638 3999 1989 4075 testimonia,
2032 4001 2129 4076 qui
2172 4001 2365 4057 omnia
2406 4001 2468 4058 in
2515 4004 2681 4078 ωδης
2728 4063 2744 4080 ,

402 4081 706 4138 terminata
745 4077 1060 4150 adjectiva,
1118 4081 1370 4156 exceptis
1430 4099 1577 4155 quae
1629 4098 1698 4138 ex
1750 4081 1926 4141 verbo
1971 4077 2181 4146 ὅδωδα
2230 4091 2681 4160 componuntur,

405 4159 647 4237 exempli
687 4159 877 4234 gratia
919 4153 1159 4238 εὖοὶδης
1191 4161 1410 4228 Herod,
1454 4161 1551 4222 III.
1598 4169 1725 4241 112,
1770 4169 1833 4222 et
1873 4164 2069 4225 lonico
2112 4158 2421 4244 αὕτῶδης,
2460 4167 2684 4246 simpli·
