2784 4567
716 162 809 224 De
852 165 1097 226 dialecto
1126 163 1467 238 Herodotca
1507 166 1608 229 lib.
1641 167 1746 232 m.
1861 193 1894 260 ἱ·
2189 219 2202 228 .
2245 165 2372 234 281.

96 351 243 407 «pur
287 337 338 386 1.
384 332 519 390 180.
604 327 835 411 τριέτεα
885 332 933 390 1.
980 336 1101 394 199.
1185 329 1466 412 τριήρεας
1518 335 1596 394 Π.
1647 339 1773 399 1⁵8.
1855 331 2225 418 τριετηρίδας
2273 337 2371 403 IV.

91 419 211 475 108.
257 410 625 491 (τριέλικτος
673 416 767 476 VI.
811 420 879 477 77
926 417 987 476 iu
1032 417 1257 492 Oracl.)
1300 419 1520 495 vulgari
1565 419 1740 477 modo
1803 419 2046 478 formata
2085 429 2252 498 sunt,
2311 428 2376 482 ut

93 493 482 579 τετράπηχυν
525 498 602 556 11.
646 505 769 562 155.
813 503 955 571 1493
1008 502 1115 561 sed
1168 509 1450 578 sequente
1504 501 1686 561 vocali
1741 499 2135 584 τετρωρόφων
2177 506 2228 566 Ι.
2271 512 2376 568 180

100 584 191 658 (ut
234 578 633 659 μουνόλιθος
676 583 747 641 ΙῙ.
791 588 893 644 175
930 585 1041 644 alia
1082 590 1142 644 et
1182 579 1554 666 μούναρχος,
1602 588 1934 668 μουναρχίη
1954 609 1962 614 ·
1979 588 2081 652 111.
2121 595 2218 652 80.
2253 591 2373 669 82).

96 697 179 708 —-
215 661 705 747 τεταρτημόριον
748 668 825 726 11.
848 673 953 727 180
992 687 1063 728 ex
1102 664 1347 750 τετάρτη
1369 671 1548 748 μορίς
1587 671 1866 730 relictum.
1904 704 1994 716 ——-
2029 671 2248 732 Coiitra
2288 695 2393 752 ‘re-1

97 749 343 829 τραέτεα
370 750 420 807 Ι.
454 755 589 820 199;
636 770 767 816 uam
810 753 1127 828 composita
1162 772 1231 812 ex
1264 772 1406 812 voce
1448 755 1581 827 ἔτος
1621 773 1693 813 ex
1732 753 1838 814 bac
1878 755 2078 832 regula
2117 762 2182 813 ut
2223 757 2380 834 apud
2415 821 2424 832 ,

98 831 417 918 scriptores
459 833 716 910 vulgaris
757 854 927 912 quam
966 836 1163 894 dicunt
1202 837 1456 914 dialectij
1495 839 1580 896 sic
1619 839 1774 914 apud
1817 839 2044 899 Ionicos
2083 841 2400 913 eximenda·

102 923 249 974 sunt.
339 915 495 976 Item
535 917 839 998 τετραέτεα
880 919 978 978 w.
1024 924 1146 980 187.
1230 919 1325 980 De
1364 921 1742 981 mutabilitate
1775 930 2066 998 accentus,-
2083 942 2214 1000 qua
2247 941 2382 982 mox

101 998 435 1079 τετραέτεα,
470 1000 723 1078 τριέτεα,
768 1022 901 1061 mox
940 1003 1189 1084 τριετέα,
1230 1005 1556 1086 τετραετέα,
1598 1011 1662 1064 ut
1701 1006 1756 1066 in
1793 1008 1922 1066 cod.
1951 1008 2046 1084 F„
2087 1007 2380 1087 scribitur,

101 1085 234 1142 vide
253 1082 420 1143 Lob.
459 1087 537 1142 ad
568 1086 779 1162 Phryn.
804 1087 847 1146 l.
876 1087 915 1148 l.
954 1119 1045 1132 —-
1082 1089 1201 1146 Sed
1240 1087 1418 1151 πέντε
1457 1089 1644 1149 his-in
1687 1092 2020 1168 compositis
2063 1094 2124 1150 in
2165 1113 2372 1167 πεντα,

104 1165 163 1240 ἕξ
198 1169 257 1224 in
304 1167 413 1243 ἐξα
462 1174 755 1228 mutatur:
792 1168 1197 1243 πενταπόλιος
1237 1171 1283 1230 1.
1331 1178 1454 1232 144.
1517 1166 1929 1251 πενταστὸμον
1971 1175 2046 1236 Π.
2075 1182 2166 1235 10.
2231 1197 2380 1239 mv·-

100 1245 449 1330 τάδραχμος
492 1252 597 1310 VI.
634 1256 724 1312 89-
808 1249 1257 1333 πενταπλήσιος
1296 1256 1395 1316 Vl.
1445 1261 1534 1316 13.
1622 1263 1928 1337 πενταχοῦ
1969 1258 2070 1320 111.
2114 1262 2242 1322 117.
2291 1289 2380 1306 ·-·

102 1329 512 1410 πεντάεθλον,
546 1334 729 1394 altero
776 1361 819 1398 α
862 1339 1035 1414 eliso,
1080 1338 1179 1400 vl.
1224 1342 1313 1404 92.
1358 1339 1458 1398 IX.
1494 1345 1582 1405 33.
1625 1345 1711 1400 75.
1753 1373 1842 1387 —-·
1903 1342 2124 1400 Contra
2160 1363 2380 1404 πεντα-

104 1418 258 1491 έτεος
299 1426 365 1478 et
408 1419 739 1499 πενταέτης
776 1421 820 1479 1.
866 1427 998 1493 1363
1052 1441 1233 1500 quare
1275 1424 1488 1484 rectius
1529 1423 1778 1482 fortasse
1823 1426 1977 1502 apud
2017 1425 2385 1486 Herodotum

104 1522 209 1580 pro
265 1503 527 1580 vulgatis
575 1500 678 1565 διά
730 1508 1149 1585 πεντετηρίδος
1199 1505 1303 1569 ΙΙΙ.
1355 1511 1425 1567 97
1489 1515 1549 1564 et
1587 1506 1686 1564 IV.
1747 1511 1817 1566 94
1868 1514 1929 1566 et
1955 1529 2088 1586 ‚pro
2143 1509 2380 1586 vulgato

109 1587 492 1664 πεντετηρίσι
532 1587 633 1646 VI.
676 1595 816 1662 111,
858 1589 1322 1668 πενταετηρίδος
1362 1595 1424 1648 et
1457 1591 1870 1670 πενταετηρὶσι
1909 1592 2249 1650 scribuntur.
2291 1623 2386 1636 --

111 1665 521 1742 ἑξαπάλαιστα
555 1670 610 1734 I.
651 1679 741 1732 50.
795 1672 872 1736 11.
915 1677 1038 1734 149.
1127 1665 1441 1746 ἑξαπόλιος
1489 1672 1536 1730 Ι.
1579 1678 1703 1733 144.
1791 1668 2105 1751 ἑξαπήχεσι
2148 1675 2220 1732 11.
2257 1679 2380 1738 138.

109 1749 473 1830 ἑξαπλήσιον
531 1754 627 1811 lv.
666 1759 757 1814 81.
796 1754 805 1760 ’
841 1751 1216 1834 ἑξάπλεθρον
1254 1755 1327 1813 ΙΙ.
1365 1759 1486 1814 149:
1572 1753 1864 1830 ἑξαπέδου
1920 1756 1996 1814 Π.
2037 1761 2159 1816 149.
2246 1751 2382 1832 ἑξά-

112 1860 325 1917 μετρος
367 1839 421 1900 Ι.
470 1841 561 1896 47.
611 1838 733 1896 Vll.
778 1846 901 1898 220.
936 1871 1023 1884 --
1062 1837 1213 1901 ἑπτά
1250 1845 1472 1898 autem0
1498 1843 1556 1896 et
1599 1837 1805 1914 ἐννέα,
1849 1837 1993 1902 δέκα
2033 1861 2204 1918 quum
2245 1842 2304 1900 in
2341 1843 2384 1904 ἃ

114 1929 349 1997 exeant,
395 1921 612 1980 vocalis
652 1924 1021 1982 mutationem
1058 1942 1177 1983 non
1220 1923 1493 1982 subeunt:
1552 1918 1900 2003 ἑπτάμηνον
1943 1931 2001 1983 et
2040 1921 2384 2004 ἐννεάμηνα

114 2003 211 2064 VI.
242 2009 332 2067 69.
426 1999 771 2083 δεκάμηνος
811 2007 909 2069 ΙΧ.
953 2012 1003 2066 3.
1092 1997 1430 2083 δεκάφυλοι
1480 2007 1551 2066 V.
1593 2013 1682 2068 66.
1767 2005 2114 2090 δεκάπηχυς
2153 2011 2250 2068 ΙΧ.
2287 2014 2382 2070 81.

114 2082 746 2166 τρισκαιδεκαστάσιον
782 2090 882 2150 ΙΠ.
924 2094 1013 2153 95.
1099 2091 1219 2150 Sed
1262 2089 1546 2169 δεκαέτης
1586 2098 1732 2165 παῖς
1783 2092 1829 2151 1.
1850 2099 2000 2158 414.
2042 2123 2126 2139 —-
2171 2094 2382 2153 Verum

117 2173 304 2235 εἴκοσι
342 2175 402 2232 in
445 2175 651 2236 εἰσιοσα
689 2180 973 2234 mutatur:
1006 2174 1379 2247 εἰκοσαέτεος
1420 2173 1474 2238 1..
1509 2181 1648 2246 1363
1709 2183 1767 2236 et
1806 2177 2092 2252 vicenario
2134 2181 2384 2257 majores

117 2256 331 2315 numeri
376 2257 605 2316 finalem
646 2257 890 2318 litteram
933 2266 1033 2319 aut
1071 2260 1241 2338 plane
1278 2259 1588 2337 abjiciunt,
1638 2269 1702 2322 ut
1736 2253 2199 2343 τριηκόντερος,
2240 2284 2384 2324 πεν-

115 2334 496 2418 τηκόντερος.
582 2339 1135 2421 τριηκοντημέρους
1172 2343 1243 2401 IL
1295 2348 1352 2400 4.
1434 2339 2072 2424 τεσσερακοντόργυιος
2125 2347 2208 2407 n.-
2255 2349 2384 2404 148.

114 2416 709 2502 πεντηκοντόργυιος
749 2423 825 2482 Π.
869 2427 1007 2494 149,
1062 2431 1192 2496 aut,
1249 2425 1559 2501 praecipue
1615 2428 1674 2484 in
1733 2428 2066 2504 compositis
2116 2445 2187 2485 ex
2239 2446 2386 2486 voce

114 2504 265 2582 ἔτος,
308 2529 345 2568 o
390 2511 459 2562 ut
499 2504 753 2564 vocalem
789 2505 1169 2582 copulativam
1209 2507 1513 2583 recipiunt,
1555 2509 1708 2566 uude
1747 2510 1902 2586 apud
1939 2507 2164 2566 Atticos
2211 2509 2386 2567 alios-

113 2593 238 2666 que'
284 2588 401 2647 illis
454 2591 513 2646 in
572 2591 903 2667 compositis
950 2591 1265 2648 contractio
1318 2590 1375 2646 in
1432 2587 1520 2650 ’ἵν’
1569 2596 1698 2649 orta
1737 2597 1860 2668 est,
1914 2594 2388 2669 τριακοντοῦτις,

116 2665 637 2750 ένενηκοντούτην
653 2717 673 2746 ,
710 2669 1316 2750 τέσσαρακοντοῦται.
1400 2671 1518 2730 Sed
1559 2673 1891 2733 Herodotus
1935 2685 2052 2739 n'on
2095 2680 2390 2734 contracte

118 2757 263 2817 dixit
302 2753 829 2836 τριηκοντοέτιδας
865 2751 1139 2830 σπονδάς
1176 2757 1304 2819 Vll.
1334 2759 1469 2825 1493
1514 2758 1600 2814 sic
1639 2758 1784 2816 enim
1817 2758 2003 2816 Bekk.
2045 2777 2172 2818 cum
2213 2759 2386 2821 codd.

119 2837 187 2898 F.
230 2859 283 2898 a.
328 2842 530 2914 edidit,
578 2840 673 2898 ubi
712 2840 807 2900 alii
852 2841 1023 2916 vulgo
1060 2839 1578 2919 τριηκονταέτιδας
1617 2841 2023 2918 praebuerunt,
2067 2849 2127 2901 ut
2163 2844 2224 2901 iu
2263 2843 2390 2902 He-

124 2924 271 2982 siod.
302 2923 462 3002 Opp.
488 2930 593 2984 441
624 2919 1198 3006 τεσσαρακονταπής
1238 2925 1532 3003 vulgatum
1566 2931 1658 2984 est
1688 2923 1792 3004 (cf.
1829 2925 2024 2987 Schol-
2059 2927 2233 2988 Hom.
2267 2927 2390 2986 Ode

126 3002 173 3087 γ’
214 3013 341 3070 245·
406 3009 475 3068 11·
516 3005 573 3070 α’
615 3008 785 3088 2500).
1295 3015 1297 3017 >

939 3147 1056 3256 be⁶
1078 3193 1556 3281 pronominibus.

293 3347 621 3407 Genitivum
662 3347 1007 3423 singularem
1040 3347 1463 3424 pronominum,
1506 3363 1655 3424 quae
1695 3344 1868 3420 vulgo
1901 3344 2210 3419 dicuutur,
2251 3343 2392 3406 sub·

138 3431 503 3490 mntivomm
528 3432 859 3490 Herodotus
899 3430 1167 3488 formavit
1208 3429 1367 3507 ἐμέο,
1412 3428 1579 3507 ἐμεῦ,
1619 3433 1750 3509 μιῦ,
1798 3427 1898 3490 σέο
1941 3435 2001 3487 et
2042 3433 2174 3500 σεῦ,
2215 3433 2394 3508 atque

142 3498 237 3584 εὖ,
280 3515 439 3591 quod
481 3520 829 3593 postremum
871 3534 987 3572 uno
1034 3519 1255 3572 tantum
1308 3514 1365 3571 in
1409 3513 1536 3571 loco
1577 3512 1677 3574 111.
1719 3517 1822 3574 135
1863 3512 2090 3572 obvium
2129 3515 2392 3573 enclitiee
2453 3515 2464 3518 “

141 3597 381 3668 positum
428 3605 521 3658 est
561 3600 793 3678 δείσας,
836 3595 921 3678 μή
964 3590 1031 3660 εὖ
1075 3597 1427 3683 ἐκπειρῷτο,
1465 3617 1654 3676 neque
1691 3617 1932 3676 usquam
1971 3597 2100 3676 ipse
2135 3598 2390 3675 vulgari-

143 3674 241 3736 bus
280 3703 414 3742 usus
457 3687 548 3742 est
588 3683 785 3740 formis
830 3682 982 3759 ἐμοῦ
1016 3689 1127 3742 etc.
1169 3701 1357 3760 neque
1398 3676 1564 3754 ὅτου,
1608 3700 1792 3759 neque
1825 3680 2010 3759 ἐμεῖο,
2052 3687 2116 3742 ut
2154 3684 2212 3741 in
2257 3681 2392 3741 cod.

37 3825 41 3832 ,
146 3758 219 3818 K·
253 3765 349 3830 Vl.
392 3771 497 3826 119
538 3766 777 3824 habetur
818 3785 925 3843 pro
964 3766 1195 3840 vulgato
1242 3764 1412 3844 ἐμέος
1457 3767 1565 3824 sed
1601 3765 1712 3824 hae
1751 3781 1952 3826 omnes
1995 3764 2242 3824 librariis
2284 3781 2394 3842 per

150 3861 389 3910 errorem
430 3851 609 3928 lapsis
650 3850 937 3908 debentur
978 3867 1048 3906 ac
1088 3844 1462 3925 corrigendae
1507 3857 1660 3911 sunt.
1699 3881 1788 3893 --
1835 3851 1917 3910 Ut
1959 3855 2149 3909 autem
2189 3849 2249 3904 in
2287 3847 2392 3903 da-

148 3928 254 3988 tivo
294 3936 518 4012 primae
566 3951 849 4012 personae
887 3933 1221 3993 Herodotus
1278 3938 1339 3991 et
1397 3932 1492 3990 alii
1549 3939 1709 3994 certo
1765 3936 2014 4012 quodam
2067 3928 2394 3988 discrimine

151 4007 268 4090 ἐμοὶ
305 4025 371 4077 et
413 4019 517 4098 μοι
557 4023 937 4097 usurparunt,
981 4017 1067 4076 sic
1108 4015 1205 4074 ille
1244 4015 1448 4074 eodem
1485 4016 1806 4080 discrimine
1848 4015 1947 4077 σοί
1993 4019 2054 4072 et
2090 4034 2182 4073 τοι
2227 4011 2393 4089 dixit,

145 4101 197 4152 et
243 4101 313 4158 si‘
347 4121 495 4180 qnae
550 4103 683 4172 huic
744 4101 869 4180 legi.
913 4102 1203 4160 contraria
1242 4099 1502 4178 exempla
1541 4103 1754 4162 nostris
1810 4101 1870 4157 in
1913 4096 2256 4155 editionibus
2298 4095 2392 4156 in·

144 4184 443 4266 veniuntur,
466 4186 638 4246 ,haud
678 4185 851 4247 dubie
876 4185 1221 4264 corrigenda
1238 4191 1403 4260 sunt3
1443 4185 1576 4246 ⁴vide
1592 4183 1800 4246 matth.
1819 4179 2124 4242 adHerod.
2143 4177 2246 4242 111.
2270 4183 2391 4240 155.
