2784 4567
839 188 942 251 ,De
964 191 1222 251 ‘dialecto
1267 190 1601 251 Heu-odotea
1643 190 1734 251 lib.
1785 190 1833 250 1.
2386 186 2431 248 9

135 376 312 434 quem
361 358 584 419 Gicsius
639 360 1024 421 amomo-aue
1081 359 1329 438 suscepit
1375 358 1625 417 omnium
1674 358 1897 419 minime
1948 356 2121 417 fuisse
2180 359 2425 416 mixtam.

139 444 370 511 Quibus
409 444 468 503 in
515 445 806 503 sententiis
853 464 888 505 a
937 444 1134 503 Giesio
1187 444 1493 523 propositis
1544 444 1721 503 multa
1760 440 1891 503 mibi
1942 462 2139 521 parum
2192 446 2427 501 circum-

135 535 336 605 specte
375 546 686 606 paru-que
733 536 992 589 accurate
1043 528 1330 605 disputata
1379 529 1565 589 inesse
1612 530 1887 587 videntur.
1976 528 2217 587 Primum
2280 528 2425 587 enim

135 632 260 671 non
301 612 634 671 intellexisse
677 612 768 673 ille
807 614 941 673 mibi
962 613 1214 687 -videtur,
1258 613 1675 689 Hermogenem
1711 613 1745 671 l.
1785 612 1823 677 l.
1852 612 2223 671 differentiam
2260 614 2425 671 istum

133 697 288 759 inter
333 697 680 757 Hecataeum
713 703 774 755 et
817 699 1174 757 Herodotum
1219 698 1657 757 iunia-cedentem
1700 698 1925 756 minime
1992 698 2047 754 in
2104 698 2428 755 diversitate

135 781 388 856 quadam
433 802 618 841 novae
657 782 894 842 Jonieae
935 781 1154 841 dialecti
1193 783 1469 858 posuisse,
1514 782 1805 858 disjunctis
1848 782 1987 839 locis
2030 790 2180 852 orta,
2218 782 2321 839 sed
2368 782 2427 840 in

135 872 348 925 ornato
409 874 470 925 et
525 867 748 945 poetico
803 866 1216 942 artificioseque
1267 867 1579 942 compositu
1634 867 1855 925 dicendi
1912 884 2151 941 genere3
2206 884 2319 940 qua
2368 866 2427 924 in

131 969 204 1009 re
241 970 330 1028 ea,
371 969 519 1025 quae
573 952 798 1029 proprie
839 952 916 1009 ad
971 970 1178 1009 novam
1233 951 1487 1008 Jonicam
1544 952 1841 1009 dialectum
1897 951 2211 1029 pertinent,
2272 950 2426 1008 haud

135 1054 288 1111 opus
341 1053 466 1093 esse
525 1032 814 1093 dissimilia
877 1035 1148 1093 Hecataei
1209 1042 1638 1111 ceterorumque
1696 1035 2175 1113 logographorum
2244 1040 2427 1093 statu—

131 1137 238 1179 ere
287 1126 494 1195 sponte
531 1126 710 1196 patet.
795 1120 914 1179 Sed
957 1120 1288 1197 plerunque
1335 1120 1609 1178 nescimus
1652 1138 1809 1177 suam
1858 1121 2107 1197 ipsorum
2156 1120 2427 1196 logogm-

135 1204 386 1281 phorum
431 1201 777 1278 orationem,
813 1208 998 1279 'quum
1039 1204 1284 1277 antiquis
1338 1204 1455 1279 jam
1512 1205 1859 1283 temporibus
1914 1204 1975 1262 id
2034 1204 2099 1262 iis
2146 1206 2426 1265 'accidisse

135 1293 364 1345 constet
405 1286 506 1365 (cf.
551 1287 784 1365 Dionys.
836 1288 966 1347 Hal.
1035 1288 1114 1345 de
1159 1286 1421 1366 Thucyd.
1472 1288 1597 1363 jud.
1652 1294 1741 1365 23,
1796 1289 1901 1364 2),
1944 1290 2108 1364 quod
2158 1290 2421 1348 omnibus

131 1372 352 1430 Jonicis
401 1390 472 1429 ac
515 1373 700 1431 nescio
743 1391 822 1431 an
861 1374 1118 1431 omnibus
1159 1372 1270 1431 alio
1324 1392 1581 1432 sermone
1636 1392 1805 1449 quam
1862 1373 2051 1433 Attico
2116 1382 2216 1431 ant
2268 1390 2425 1433 com·-

135 1456 290 1515 muni
338 1455 454 1513 usis
493 1457 856 1535 scriptoribus
897 1458 1167 1517 accidisse
1215 1458 1455 1529 videtur,
1506 1464 1570 1515 ut
1614 1477 1650 1515 a
1692 1459 2096 1535 posterioribus
2134 1459 2195 1516 in
2236 1460 2422 1517 tritio-

134 1559 257 1599 rem
291 1540 494 1616 cuique
513 1542 736 1601 dicendi
759 1560 918 1603 usum
940 1548 1286 1601 verterentur
1305 1550 1409 1601 aut
1430 1542 1675 1601 omnium
1716 1544 1949 1602 maxime
1978 1562 2013 1601 a
2042 1542 2279 1601 librariis
2320 1545 2423 1603 de-

131 1625 898 1787 ¹3:2⁶⁰{330235ffl2
914 1627 1533 1789 'Z‘r‘iptij’ffiisssnafie‘ff
1546 1627 2423 1785 tgssffissaq'ssgmffimss

137 1803 200 1851 ut
243 1791 528 1871 Apollonii
571 1795 646 1852 de
687 1794 948 1857 Pronum.
999 1814 1058 1871 p.
1121 1800 1224 1853 118
1273 1796 1328 1851 Β
1391 1795 1467 1853 de
1532 1794 1884 1870 Pherecyde3
1940 1796 2015 1853 de
2068 1793 2425 1871 Pherecydis,

134 1878 414 1938 Hecataei
453 1884 514 1937 et
554 1877 844 1937 Herodoti
879 1878 1130 1938 dictione
1173 1878 1453 1937 Eustatbii
1478 1879 1558 1956 ¹⁸),
1608 1879 1860 1955 quamvis
1905 1878 2129 1937 minime
2184 1878 2259 1937 ab
2302 1878 2425 1938 Hc-

135 1963 380 2023 rodoteo
424 1982 532 2022 usu
579 1980 810 2041 prorsus
863 1962 1104 2023 alienum
1161 1964 1382 2021 dicendi
1437 1982 1617 2039 genus
1672 1964 1967 2041 probantia
1984 2006 2003 2035 ,
2056 1981 2171 2021 non
2232 1970 2421 2024 tamen

133 2048 216 2105 ita
273 2052 406 2107 sunt
461 2054 818 2127 comparate,
883 2054 948 2107 ut
1006 2054 1216 2107 certam
1271 2051 1555 2123 quandam
1614 2048 1913 2124 imaginem
1966 2048 2141 2107 totius
2195 2048 2423 2107 rationis

132 2131 375 2191 Jonisrni
429 2132 908 2211 logographorum
961 2134 1148 2191 animo
1197 2133 1573 2211 concipiamus
1622 2140 1797 2209 atque
1858 2134 2238 2196 informemus.
2325 2132 2420 2193 Aa

135 2217 324 2277 locum
365 2229 554 2277 autem
575 2218 790 2277 Suidae
831 2216 902 2295 (s.
937 2236 989 2277 v.
1033 2211 1372 2297 Ἡρόδοτος,
1416 2219 1489 2276 cf.
1526 2226 1584 2277 et
1626 2219 1819 2295 Heyse
1874 2218 1911 2277 l.
1954 2218 1993 2279 Ι.
2038 2238 2095 2296 p.
2144 2220 2209 2292 9)
2260 2220 2419 2294 quod

133 2302 363 2380 attinet,
417 2301 772 2363 Herodotum
813 2302 1000 2375 Sami,
1043 2320 1214 2378 quam
1259 2303 1314 2361 in
1367 2301 1601 2361 insulam
1645 2308 1879 2381 propter
1920 2301 2255 2380 Lygdamin,
2299 2304 2423 2361 fla-

132 2385 424 2445 licarnassi
467 2393 796 2464 tyranuum,
840 2388 1096 2463 fugisset,
1140 2404 1205 2447 se
1243 2388 1557 2446 exercuisse
1571 2388 1769 2445 Jonica
1808 2388 1869 2445 in
1914 2388 2177 2460 dialecto,
2220 2394 2279 2445 et
2318 2388 2423 2445 ibi-

132 2472 272 2531 dem
315 2470 572 2531 historias
613 2490 748 2529 suas
785 2472 1191 2548 composuisse,
1241 2472 1330 2529 bic
1371 2470 1529 2529 loeus
1566 2472 1655 2529 vel
1696 2470 1773 2529 ob
1809 2472 1897 2541 id,
1952 2473 2109 2545 quod
2154 2473 2423 2528 continuo

131 2555 402 2613 additum
453 2561 578 2626 est,
633 2556 988 2615 Herodotum
1031 2556 1238 2613 ibidem
1287 2556 1477 2613 statim
1522 2555 1783 2611 historias
1840 2572 1973 2612 suas
2020 2555 2423 2630 composuisse,

131 2638 316 2699 cuivis
367 2644 670 2717 suspect-12
713 2656 842 2697 esse
901 2640 1090 2697 debet.
1196 2636 1411 2713 Negat-i
1470 2638 1699 2713 quidem
1755 2656 1869 2695 non
1916 2644 2136 2715 potest,
2192 2639 2424 2697 Samum

131 2723 349 2781 adiisse
391 2722 778 2799 Herodotum,
821 2727 888 2781 ut
929 2730 1144 2783 ceteras
1185 2722 1394 2781 insulas
1432 2740 1701 2798 oramque
1742 2722 2067 2781 maritimam
2112 2720 2279 2781 Asiae
2321 2725 2425 2782 mi·

133 2807 314 2880 noris,
357 2807 548 2883 ibique
597 2807 890 2867 dialectum
953 2808 1288 2881 Samiorum,
1351 2820 1413 2865 ut
1462 2814 1775 2867 ceterorum
1829 2808 2069 2880 Jonum,
2112 2811 2423 2867 accuratius

134 2893 494 2967 cognovisse,
539 2894 752 2971 quippe
793 2893 890 2969 qui
931 2900 1048 2953 tam
1089 2894 1386 2968 diiigenter
1440 2901 1499 2951 et
1558 2893 1777 2951 curiose
1830 2900 2098 2968 quattuor
2156 2893 2277 2951 illas
2316 2894 2423 2951 Jo-

135 2976 296 3037 uicae
339 2977 562 3036 dialecti
605 2977 810 3037 locales
853 2978 1198 3037 differentias
1251 2996 1557 3053 eannnque
1617 2978 1757 3035 lines
1814 2980 2112 3036 mennon-iae
2168 2979 2421 3038 tradide-

137 3063 210 3121 rit
259 3063 362 3136 (εἰ.
407 3062 456 3135 1,
497 3064 652 3135 142),
693 3062 796 3121 sed
839 3063 969 3121 ideo
1011 3081 1128 3121 non
1169 3064 1437 3121 continuo
1476 3069 1563 3121 est
1612 3064 2004 3142 statuendum,
2052 3063 2245 3121 Samia
2292 3082 2419 3122 eum

138 3146 228 3205 vel
277 3145 460 3224 Lydia
503 3145 594 3204 vel
643 3146 842 3221 quavis
891 3147 998 3205 alia
1039 3147 1276 3205 dialecto
1321 3166 1483 3206 usum
1518 3166 1645 3205 esse
1684 3148 1740 3204 in
1784 3148 2189 3224 componendis
2234 3166 2417 3207 rerum

140 3231 544 3303 mmuumentis,
579 3232 712 3307 quia
737 3231 814 3289 in
855 3250 1052 3291 eorum
1099 3241 1248 3292 terra
1287 3241 1590 3310 parumper
1639 3232 1713 3289 sit
1768 3239 2025 3291 versatus
2082 3238 2142 3290 et
2210 3233 2419 3291 incola-

142 3334 268 3375 rum
329 3315 580 3391 linguam
653 3318 1000 3391 cognoverit.
1107 3313 1314 3391 Neque
1367 3317 1537 3395 etiam
1600 3322 2037 3375 consentaneum
2091 3334 2215 3373 esse
2266 3316 2423 3375 vide-

143 3406 263 3471 tur,
325 3399 622 3459 dialectum
661 3401 1011 3472 Samiorum,
1069 3402 1166 3475 qui
1213 3401 1318 3459 soli
1359 3402 1435 3458 ab
1498 3400 1621 3457 aliis
1676 3400 1917 3458 Jonibus
1966 3400 2202 3476 sejuncti
2262 3418 2421 3460 suam

143 3483 368 3560 linguae
425 3484 823 3562 proprietatem
895 3485 1166 3545 habereut
1185 3485 1295 3560 ⁴¹⁴¹),
1345 3485 1703 3545 Herodotum
1758 3484 2080 3543 adhibuisse
2134 3486 2193 3545 in
2246 3505 2423 3563 opere

143 3588 250 3627 suo
291 3568 446 3629 haud
487 3570 624 3627 solis
659 3570 864 3629 Samiis
905 3570 1221 3642 destinat03
1265 3588 1453 3646 neque
1500 3569 1666 3627 ullam
1701 3569 1863 3629 aliam
1896 3569 2061 3629 locali
2098 3572 2423 3630 diversitate

283 3784 327 3850 ⁶)
364 3784 603 3839 Eustath.
638 3784 706 3838 ad
744 3786 896 3839 Hom.
929 3784 994 3839 ΙΙ.
1043 3786 1086 3842 I.
1164 3830 1176 3842 .
1212 3784 1369 3842 9:⁸1.
1400 3788 1469 3842 cf.
1498 3792 1553 3839 et
1578 3786 1865 3855 Pherecyd.
1886 3788 2093 3856 Fragm.
2140 3788 2220 3840 ed.
2244 3788 2420 3843 Stura.

147 3870 196 3920 p.
227 3851 314 3920 74,
351 3862 406 3905 et
441 3854 712 3920 Hellauiei‚
742 3872 794 3924 p.
835 3854 924 3919 25,
957 3856 1044 3919 44,
1090 3805 1203 3911 153.
1245 3856 1321 3909 De
1355 3854 1497 3921 λέξει
1535 3852 1791 3925 εἰρομένῃ
1827 3858 1939 3909 sive
1964 3854 2264 3925 διῃρημένη
2286 3856 2425 3919 (De-

151 3923 360 3975 metrius
393 3924 460 3973 de
493 3924 704 3982 Elocut
746 3926 799 3989 S.
835 3925 922 3977 11.
969 3932 1026 3976 ct
1065 3924 1180 3989 12)
1215 3924 1429 3976 istorum
1468 3936 1697 3978 veterum
1743 3926 2055 3993 scriptorum
2096 3928 2165 3979 cf.
2208 3924 2423 3977 Aristot.

153 3988 330 4047 Rhea.
365 3990 464 4043 ΙΙΙ.
496 3990 532 4045 9
565 3992 732 4057 initio,
768 3993 999 4047 Demetr.
1030 3992 1067 4044 l.
1094 3993 1127 4047 l.
1159 3993 1405 4045 Ceterum
1438 3994 1563 4046 vide
1592 3994 1783 4047 Creuz.
1832 3997 2106 4063 fragment.
2144 3992 2327 4043 histor.
2374 4006 2425 4058 p.

153 4058 212 4113 17
256 4077 390 4131 sqq„
431 4058 529 4113 139
573 4079 652 4129 sq.
725 4062 911 4125 Quint.
953 4062 1049 4117 lx.
1085 4062 1138 4127 4,
1173 4060 1409 4131 16'sqq.,
1444 4062 1496 4115 Χ
1562 4064 1609 4129 l,
1662 4060 1745 4116 73.
1930 4097 1933 4105 ·

285 4132 360 4195 ”)
399 4129 485 4183 cf.
528 4130 749 4196 Etymol.
786 4130 932 4200 Mag.
975 4149 1017 4183 s.
1056 4149 1108 4186 v,
1146 4125 1433 4191 Δεύνυσος
1465 4139 1521 4183 et
1573 4148 1623 4200 p.
1670 4128 1792 4188 259,
1838 4126 1923 4178 30.
2007 4125 2217 4189 Hesycb
2286 4126 2324 4181 ¹.
2376 4144 2429 4193 p.

151 4194 252 4248 496
293 4192 953 4265 &nommetur-§ondam
990 4198 1208 4265 Κρῆτες
1241 4196 1334 4248 καὶ
1375 4196 1603 4265 Σάμιοι.
1684 4195 1817 4246 Vide
1854 4200 1909 4243 et
1956 4190 2131 4251 Fischz
2180 4194 2245 4245 ad
2290 4194 2422 4245 Vell-

154 4262 196 4317 l.
235 4282 286 4335 p.
315 4266 402 4323 ⁵4.
471 4266 684 4338 hoger,
721 4268 924 4338 Disput.
960 4266 1157 4329 Herod.
1197 4283 1246 4336 p.
1273 4264 1306 4320 7
1342 4284 1426 4334 sq.
