2784 4567
390 158 478 223 86
1023 158 1114 219 De
1159 158 1408 221 dialecto
1450 156 1785 217 Herodotea
1824 158 1922 219 lib.
1966 158 2032 220 1:

389 328 586 409 potius
623 328 1023 407 conjungenda
1061 328 1160 405 sit,
1199 346 1316 387 non
1349 344 1477 385 cum
1508 319 1762 395 τούτους
1808 324 1967 401 quod
2004 344 2177 403 quum
2212 324 2347 388 fieri
2386 324 2525 389 hoc
2564 329 2683 387 loco

389 424 506 472 uon
539 430 720 491 posse
745 416 978 490 pateat,
1031 412 1090 471 in
1129 410 1352 487 vulgari
1392 410 1633 469 istorum
1676 409 1977 469 verborum
2012 409 2399 470 collocatione
2440 414 2685 491 acquie-

389 497 663 555 scendum
695 502 808 570 est,
832 494 1170 555 confirmata
1195 495 1366 553 etiam
1393 492 1665 570 Aeschyli
1694 493 1939 570 quodam
1966 490 2120 567 loco,
2146 496 2245 573 qui
2272 501 2375 553 est
2404 494 2683 575 Choeph.

389 590 478 639 vs.
523 582 647 641 769.
692 580 855 661 μέλει
893 584 1130 644 θεοῖσιν
1171 568 1372 657 ὦνπερ
1417 572 1496 640 ἂν
1538 576 1685 662 μέλ-’ῃ
1728 576 1886 657 πέρι.
1936 608 2010 621 -
2064 578 2161 637 VI.
2210 582 2321 637 109
2362 580 2681 638 ediderunt

392 664 576 723 Gaist'.
621 661 697 728 al,
743 682 872 723 cum
911 664 979 723 S.
1025 662 1091 725 V.
1135 662 1279 722 baec
1320 660 1499 723 verba
1540 662 1627 721 sic
1668 662 1974 719 collocata:
2020 652 2225 740 ἡμέων
2266 664 2415 743 δέκα
2466 664 2679 745 γίνον-

389 770 488 811 ται
530 747 599 809 αἱ
637 752 902 829 γνῶμαι,
945 750 1068 808 τῶν
1109 744 1218 826 μὲν
1253 738 1622 809 κελευόντων
1660 742 2047 826 συμβαλέειν,
2091 750 2215 809 τῶν
2257 744 2329 807 δὲ
2375 738 2463 809 οὔ
2514 766 2673 826 συμ-

391 832 652 911 βαλέειν.
744 832 854 891 Alii
895 831 1057 909 (edd,
1100 836 1238 894 vett.
1276 826 1491 905 Bekk.)
1530 846 1659 887 cum
1704 829 1878 891 codd.
1923 827 1993 885 F.
2039 830 2095 887 b.
2138 834 2261 891 τῶν
2306 828 2426 906 μὲν
2478 838 2677 895 κελευ-

390 911 606 989 όντων,
665 919 783 977 τῶν
823 913 888 978 δὲ
928 910 1010 977 οὔ
1045 913 1434 995 συμβαλέειν,
1492 914 1599 971 sed
1641 930 1714 970 ne
1757 913 1842 970 sic
1888 913 2117 989 quidem
2158 919 2317 973 recte
2363 924 2521 973 sunt
2562 936 2673 993 po-

387 1002 533 1071 sita3
592 1018 765 1076 quum
817 999 966 1058 enim
1023 1000 1388 1075 negationem
1435 990 1513 1059 οὔ
1530 1036 1552 1072 ,
1603 999 1775 1054 acuto
1836 1003 2089 1055 notatam
2108 1036 2129 1073 ,
2184 1002 2247 1055 et
2306 996 2570 1057 aliorum
2626 1006 2675 1057 et

389 1084 572 1163 ipsius
613 1080 898 1143 Herodoti
947 1084 1140 1140 multis
1193 1081 1466 1159 exemplis
1518 1079 1898 1139 demonstrari
1953 1081 2141 1159 possit
2188 1081 2249 1139 in
2305 1081 2434 1142 fine
2496 1085 2669 1142 totius

389 1166 671 1227 enuntiati
711 1168 1041 1244 ponendam
1086 1183 1253 1238 esse,
1315 1164 1455 1225 nihil
1504 1162 1839 1241 relinquitur
1894 1164 2085 1239 dubii,
2138 1163 2274 1241 quin
2334 1165 2438 1223 hic
2500 1187 2539 1227 a
2588 1186 2671 1225 me
2770 1184 2772 1209 ³

391 1249 726 1328 propositus
768 1248 1074 1307 verborum
1110 1249 1264 1306 ordo
1304 1247 1462 1307 solus
1482 1246 1582 1307 ·sit
1621 1245 1939 1323 genuinus:
1982 1250 2103 1311 τῶν
2142 1246 2249 1327 μὲν
2282 1244 2668 1316 κελευόντων

391 1336 760 1413 συμβαλεῖν,
805 1334 928 1394 τῶν
969 1330 1033 1397 δὲ
1077 1325 1177 1397 οὔ.
1221 1325 1302 1408 ἢν
1341 1331 1451 1413 μέν
1492 1354 1613 1393 νυν
1650 1354 1707 1394 κ.
1747 1354 1797 1391 τ.
1840 1334 1929 1392 L·

561 1414 753 1484 Quum
795 1416 970 1493 igitur
1013 1416 1362 1491 viderimus,
1412 1421 1540 1489 tam,
1572 1415 1777 1476 multas
1824 1415 2001 1473 fuisse
2046 1432 2283 1487 causas,
2338 1433 2415 1475 ex
2464 1418 2665 1497 quibus
2770 1454 2772 1475 ÷

389 1507 507 1562 tam
549 1500 873 1561 deformata
913 1500 1252 1561 Herodotea
1273 1499 1480 1559 'oratio
1521 1498 1843 1572 exsisteret,
1888 1516 2076 1576 neque
2116 1500 2347 1558 omnino
2388 1520 2545 1561 vere
2576 1502 2665 1561 Fr.

389 1585 463 1645 A.
491 1582 758 1645 Wolflum
797 1586 1097 1662 (Prolegg.
1141 1603 1198 1663 p.
1235 1582 1342 1662 vl)
1385 1581 1495 1641 sibi
1532 1582 2008 1644 animadvertisse
2050 1584 2227 1640 visum
2265 1602 2399 1643 esse
2437 1594 2665 1665 pateat,

389 1674 560 1749 quam
613 1688 798 1749 prope
848 1689 1122 1747 germano
1177 1668 1351 1728 nitori
1405 1662 1666 1725 redditos
1712 1666 2053 1725 haberemus
2108 1665 2395 1725 Herodoti
2462 1670 2665 1745 libros,

387 1755 581 1814 statim
608 1755 870 1833 quaestio
899 1754 1186 1813 exoriatur
1213 1768 1455 1813 necesse
1477 1758 1589 1827 est,
1617 1770 1767 1828 quae
1796 1750 1887 1810 via
1914 1768 2175 1827 quaeque
2196 1751 2344 1809 ratio
2376 1754 2567 1815 nobis
2600 1754 2667 1811 sit

387 1837 788 1913 ingredienda,
821 1844 888 1895 ut
927 1838 1022 1897 illa
1065 1854 1238 1913 quam
1270 1835 1511 1895 maxime
1550 1836 1797 1911 genuina
1832 1835 2167 1910 sinceraque
2196 1834 2511 1897 reddatur.
2600 1838 2665 1895 Et

388 1920 545 1981 dicat
585 1921 826 1997 aliquis,
868 1921 1044 1979 libros
1087 1920 1162 1978 de
1201 1919 1461 1978 dialectis
1507 1918 1892 1998 compositos,
1936 1937 1972 1976 a
2012 1918 2433 1977 recentioribus
2482 1922 2665 1980 doctis

387 2004 526 2063 viris
565 2004 874 2062 utilissimis
914 2002 1378 2063 adnotationibus
1418 2002 1765 2077 illustratos,
1816 2003 2050 2062 multum
2102 2002 2272 2063 nouis
2306 2020 2511 2081 posse
2567 2006 2664 2064 boc

389 2087 447 2144 in
491 2083 727 2164 negotio
782 2088 1098 2165 prodesse3
1151 2101 1220 2145 ac
1274 2104 1474 2145 revera
1516 2084 1707 2163 aliqua
1749 2102 1822 2145 ex
1858 2090 2028 2165 parte
2066 2092 2307 2164 prosunt
2316 2075 2663 2167 ,'imprimis

389 2168 794 2229 Schaet'eriana
835 2168 937 2231 illa
971 2168 1239 2247 Gregorii
1271 2168 1554 2228 Corinthii
1592 2170 1718 2228 libri
1760 2170 1835 2229 de
1872 2170 2115 2231 Graecis
2158 2165 2423 2232 dialectis
2466 2174 2663 2247 editio,

389 2250 580 2311 multis
606 2253 1068 2332 doctissimisque
1104 2255 1377 2315 instructa
1404 2252 1842 2317 commentariis.
1924 2252 2045 2313 Sed
2086 2254 2141 2311 hi
2180 2254 2311 2311 libri
2354 2274 2662 2317 recensum

387 2336 606 2395 t‘antum
649 2335 867 2413 aliquot
907 2340 1212 2398 formarum
1255 2338 1639 2400 dictionumve
1680 2357 1751 2397 ex
1800 2356 2030 2417 quaque
2068 2338 2313 2397 dialecto
2357 2329 2663 2419 excerpta·

389 2441 512 2480 rum
555 2420 858 2499 exhibent,
909 2440 1096 2501 neque
1150 2442 1279 2483 eum
1319 2421 1711 2503 plenissimum
1725 2466 1745 2498 ,
1800 2440 1988 2499 neque
2028 2423 2172 2483 satis
2212 2420 2661 2500 distinguentem

387 2507 540 2566 inter
577 2506 736 2575 varia
773 2506 1045 2584 cujusque
1081 2508 1312 2568 dialecti
1353 2516 1569 2585 genera
1617 2511 1678 2565 et
1717 2505 2082 2586 scriptorum,
2123 2507 2218 2583 qui
2252 2503 2325 2564 iis
2367 2510 2465 2567 usi
2516 2517 2663 2571 suut.

387 2590 516 2650 Nec
564 2610 699 2650 vero
725 2637 740 2665 ,
783 2590 1007 2651 etiamsi
1048 2590 1272 2667 singula
1313 2609 1575 2669 quaeque
1595 2632 1616 2665 ,
1658 2609 1805 2669 quae
1846 2589 1919 2649 ab
1959 2589 2089 2649 aliis
2128 2588 2519 2667 scriptoribus
2564 2593 2667 2650 alia

391 2675 694 2734 occasione
737 2676 810 2732 ad
851 2675 997 2732 hanc
1039 2692 1158 2734 rem
1201 2676 1548 2749 pertinentia
1588 2675 1798 2733 tradita
1843 2681 2012 2749 sunt,
2064 2672 2512 2757 diligentissime
2556 2675 2667 2734 col-

389 2757 538 2816 lecta
579 2756 1001 2827 addiderimus,
1061 2763 1119 2813 et
1172 2756 1252 2813 ita
1295 2758 1481 2813 omnia
1523 2758 1728 2835 cuique
1770 2758 2015 2817 dialecto
2054 2758 2357 2837 peculiaria
2386 2758 2453 2815 in
2502 2776 2665 2817 unum

391 2845 759 2917 conspectum
813 2838 1199 2913 coegerimus,
1255 2835 1316 2898 id
1367 2840 1524 2914 quod
1568 2840 1891 2899 novissimis
1932 2842 2285 2919 temporibus
2326 2834 2577 2901 Gies‘ius
2618 2849 2669 2901 et
2764 2860 2766 2879 ¹

393 2922 618 2981 Alirens
660 2922 994 2980 doctissime
1038 2922 1230 2981 facere
1269 2921 1605 2998 inceperunt
1618 2916 1711 2999 *·),
1771 2944 1977 3003 magno
2018 2942 2141 2983 cum
2190 2927 2381 2983 fructu
2423 2924 2505 2983 'in
2548 2933 2668 2986 arte

392 3006 626 3080 critica,
669 3005 744 3062 ad
788 3004 936 3062 bunc
977 3004 1067 3064 vel
1108 3005 1261 3064 illum
1304 3006 1652 3083 scriptorem
1684 3004 2005 3066 adhibenda
2018 3048 2039 3085 ,
2081 3008 2403 3086 procedere
2438 3012 2669 3087 poteri-

394 3108 540 3164 mus,
579 3088 688 3149 nisi
725 3089 1046 3149 accuratius
1080 3091 1136 3149 in
1170 3088 1336 3166 hujus
1378 3089 1569 3164 unius,
1608 3108 1777 3166 quem
1818 3094 2147 3169 tractamus,
2189 3093 2497 3171 scriptoris
2538 3114 2667 3172 pro-

391 3172 572 3251 priam
613 3173 918 3233 dictionem
961 3175 1370 3252 propriumque
1410 3192 1571 3231 usum
1618 3173 1986 3249 inquiramus.
2072 3174 2281 3252 Neque
2322 3176 2489 3234 enim
2531 3178 2668 3237 mul·-

391 3266 510 3317 tum
553 3258 820 3335 adjuvat,
860 3276 1032 3337 quum
1075 3260 1291 3317 formae
1328 3258 1610 3332 quaedam
1651 3257 1742 3315 vel
1778 3257 2064 3316 dictiones·
2098 3260 2402 3317 traduntur
2436 3260 2668 3319 Ionicae

393 3362 546 3415 esse,
591 3362 704 3418 qua
746 3340 822 3400 de
865 3338 928 3402 re
959 3343 1300 3421 'plerumque
1344 3339 1498 3399 nulla
1540 3347 1629 3401 est
1670 3340 1974 3417 dubitatio,
2018 3341 2069 3399 si
2108 3342 2439 3419 ignoramus
2484 3352 2668 3403 utrum

390 3425 762 3485 Herodoteae
795 3426 927 3485 illae
968 3427 1085 3485 sint
1113 3444 1185 3483 an
1222 3424 1362 3483 alius
1389 3425 1570 3485 Ionici
1606 3424 1935 3503 scriptoris;
1974 3426 2022 3483 si
2051 3425 2405 3502 ignoramus,
2444 3430 2667 3488 etiamsi

392 3512 617 3568 constet
661 3508 1017 3569 Herodotum
1071 3530 1171 3568 eas
1215 3528 1555 3587 usurpasse,
1604 3514 1793 3567 utrum
1836 3527 2064 3587 semper
2091 3510 2185 3567 'iis
2232 3529 2377 3570 usus
2423 3511 2542 3589 sit,
2602 3530 2673 3571 an

393 3594 516 3651 aliis
563 3594 618 3650 in
664 3593 806 3651 locis
849 3595 960 3653 alia
989 3593 1298 3653 admiserit.
1385 3592 1578 3660 Quare
1606 3612 1805 3653 rursus
1831 3594 1909 3653 ad
1944 3598 2177 3654 nostros
2201 3595 2667 3672 corruptissimos

393 3676 626 3735 codices
669 3674 811 3737 Mss,
869 3679 1037 3738 nobis
1083 3676 1526 3753 confugiendum
1570 3682 1677 3736 est.
1763 3677 1884 3735 Sed
1925 3675 2026 3751 hi,
2070 3668 2437 3760 ¹quamquam.
2468 3682 2668 3739 nullius

391 3758 582 3819 adhuc
623 3764 836 3821 codicis
877 3768 1200 3821 accuratam
1240 3764 1709 3839 constantemque
1734 3760 2012 3833 habemus
2040 3760 2428 3841 collationem,
2468 3768 2551 3825 he
2576 3781 2670 3825 eo-

537 3995 600 4057 *)
657 3994 732 4045 Ει
764 3987 938 4045 Giesii
985 3989 1196 4057 quidem
1247 3990 1383 4043 liber
1442 3993 1510 4045 de
1556 3992 1783 4045 dialecto
1831 3992 2048 4048 Aeolica
2094 3969 2430 4061 conscriptus
2477 3992 2539 4047 in
2578 3994 2669 4047 bac

395 4058 515 4126 ipsa
551 4060 780 4140 dialecto
825 4056 1108 4138 tractanda·
1147 4058 1384 4111 constitit
1402 4098 1419 4124 ,
1468 4060 1594 4127 quia
1627 4069 1814 4113 auctor
1844 4069 2181 4129 praematura
2216 4068 2383 4115 morte
2418 4062 2671 4133 abreptus

397 4125 800 4258 Ziissurffi‘iffi
823 4124 2329 4267 “355315‘1235323:23.1.⁰¹-33.‘:{·..;¹ztitbssszass‘s’ff‘*
2378 4146 2556 4201 ”⁰⁹⁶³
2600 4138 2675 4185 ‘⁸‘
