2784 4567
823 162 915 225 De
959 165 1208 227 dialecto
1251 166 1583 264 Herodoto]
1630 169 1727 232 lib.
1772 169 1817 235 Ῑ.
2350 175 2439 247 ’33

319 325 364 385 1.
407 330 480 386 88
521 324 806 409 χρήματα
837 328 912 393 τοὶ
959 328 1036 393 oo?
1081 334 1431 415 διαφορέει.
1457 336 1818 418 διαφθορὲει
1858 338 1920 398 S.
1983 340 2043 397 et
2094 340 2227 403 edd.
2290 350 2424 409 vett.

137 410 217 466 cf.
260 409 333 468 V.
388 418 474 469 51.
541 412 640 474 ΙΧ.
704 420 774 473 42
827 424 885 477 et
949 418 1090 475 Lob.
1150 418 1377 495 Pan-erg.
1447 438 1505 497 p.
1572 426 1701 481 590.
1742 454 1829 467 -—
1868 422 1936 485 II.
1994 426 2065 483 69
2114 419 2427 507 ἅρτῆματα

133 488 367 570 χρύσεα
398 495 548 571 vulg.
573 493 828 575 χρυσινᾶ
848 499 938 576 F.,
960 521 1108 577 quae
1130 503 1388 577 adjectivi
1412 504 1592 563 forma
1612 525 1681 565 ex
1698 506 1958 583 aequiore
1976 512 2423 586 tantumgraeci-

136 578 280 633 tatis
310 598 450 638 aevo
473 581 702 639 affertur
723 586 981 658 genuina.
1005 620 1091 635 --
1119 586 1188 644 V.
1222 593 1288 647 13
1309 585 1599 667 orvedum}
1624 590 1718 668 εἴη
1738 590 1821 649 Μ.
1844 589 1905 653 Ρ.
1928 588 2004 648 Κ.
2030 587 2100 647 F.
2140 591 2420 675 (ποδαπή

131 658 274 718 Ald.
330 663 398 720 V.
452 663 518 721 A.
569 667 648 738 d.,
693 670 762 724 cf.
820 668 942 727 VII.
999 675 1084 727 22.
1147 670 1247 729 ΙΧ.
1311 673 1440 744 16),
1489 670 1597 732 sed
1648 670 1914 736 ποταποὶ
1974 668 2095 735 εἷεν
2149 679 2275 738 cod.
2334 681 2417 752 S„

132 744 210 801 cf.
255 744 404 805 Lob.
446 747 650 827 Phryn.
699 770 758 829 p.
801 756 870 811 56
923 771 1051 830 sqq.
1127 752 1248 811 v11.
1309 760 1417 814 218
1484 752 1765 829 ποδαπός
1798 798 1817 815 .
1870 754 2183 831 ὁποδαπός
2246 762 2309 818 S.
2364 780 2417 819 a.

130 824 421 901 ποταπός
451 831 528 889 Κ.
585 866 671 879 -
729 834 800 918 V.
863 841 927 895 18
991 841 1238 917 μαστῶν
1292 839 1445 913 vulg.
1508 840 1670 901 Unus
1723 842 1851 899 cod.
1915 844 2211 919 μασθῶν,
2273 862 2421 919 qnae

131 912 335 973 dorica
385 916 566 973 forma
604 918 658 976 in
707 918 928 995 vulgari
969 922 1358 996 communique
1403 941 1573 997 quam
1621 926 1816 983 dicunt
1856 924 2049 1000 lingua
2078 926 2244 985 sede·
2276 927 2415 987 fixit.

128 1026 225 1043 -—
275 996 394 1061 Vll.
448 1002 552 1059 117
611 998 913 1082 διώρυχος
957 1022 1110 1063 nnnc
1159 1005 1312 1081 vulg.
1366 1000 1663 1088 διώρυγος
1720 1008 1896 1067 Gron.
1947 1009 2221 1084 (foetasse
2256 1008 2415 1089 m),

125 1080 207 1139 cf.
247 1079 398 1139 Lob.
441 1081 648 1159 Phryn.
699 1104 759 1163 p.
809 1092 914 1149 230
955 1106 1040 1163 sq.

60 1194 76 1201 -
310 1164 612 1226 Praeterea
665 1170 808 1227 aliae
870 1169 1249 1232 aberrationes
1304 1172 1377 1231 in
1424 1169 1669 1233 Atticam
1723 1173 2125 1251 vulgaremque
2190 1175 2412 1235 dicendi

125 1249 604 1308 consuetudinem
645 1251 797 1311 haud
833 1272 994 1313 rarae
1037 1256 1421 1317 inveniuntur:
1489 1256 1559 1319 II.
1604 1262 1677 1317 28
1716 1256 1941 1336 βυσσόν
1998 1258 2151 1335 vulg.
2202 1255 2411 1337 βυθόν

119 1330 194 1389 Ρ.
241 1330 320 1389 Κ.
370 1332 432 1389 S.
476 1366 560 1379 --
600 1335 694 1393 VI.
748 1341 849 1396 107
895 1330 1012 1399 οὐκ
1051 1334 1335 1414 ἐφαίνετό
1379 1338 1446 1401 οἱ
1490 1337 1530 1403 6
1576 1333 1744 1402 ὀδών
1790 1360 1939 1401 nuuc
1979 1342 2131 1418 vulg.
2174 1361 2299 1401 cnm
2342 1344 2407 1401 S.

119 1414 200 1473 V.
245 1414 310 1472 P.
357 1414 432 1473 K.
492 1416 561 1475 F.
605 1438 656 1477 a.
707 1440 755 1478 c.
828 1420 980 1480 Olim
1026 1422 1238 1499 vulgat.
1296 1424 1386 1483 hic
1440 1430 1501 1482 et
1562 1443 1696 1486 mox
1748 1422 1782 1487 ὁ
1838 1419 2057 1502 ὁδούς,
2116 1427 2223 1485 sed
2276 1426 2409 1486 vide

120 1497 294 1556 Eust.
335 1498 408 1555 Jl.
450 1495 501 1560 λ’
544 1520 602 1579 p.
647 1506 778 1576 854,
819 1511 886 1564 11
931 1510 989 1563 et
1030 1510 1130 1565 13:
1175 1509 1298 1569 τῶν
1359 1501 1637 1569 ὀδόντων
1690 1503 1869 1583 κοινοὶ
1922 1505 2037 1587 μὲν
2099 1502 2313 1571 εὐθεῖα
2367 1507 2409 1573 δ

120 1576 319 1653 ὁδούς
355 1614 442 1625 -·-
484 1577 679 1649 'Iaxdv
726 1585 795 1648 δέ
839 1606 1034 1664 φασιν
1077 1587 1112 1653 ὅ
1161 1584 1344 1653 ὀδών.
1414 1590 1586 1651 Foeo.
1642 1592 1782 1651 Oec.
1826 1590 2001 1668 Hipp.
2044 1610 2093 1651 11.
2135 1611 2189 1649 v.

263 1666 341 1725 Et
362 1660 496 1746 ηἀίς
515 1668 906 1729 Herodoteum
932 1677 1018 1731 ent
1038 1692 1144 1751 pro
1168 1674 1356 1733 Attico
1381 1672 1517 1752 ἕως,
1545 1680 1602 1731 et
1622 1668 1755 1752 ἧός
1778 1674 1858 1730 sic
1878 1674 1997 1732 sine
2014 1675 2285 1731 varietate
2305 1674 2407 1733 ba-

121 1749 266 1807 bes:
332 1750 456 1809 vll.
507 1755 630 1813 217.
695 1753 850 1813 VIII.
907 1760 995 1815 83.
1067 1756 1168 1815 lx.-
1221 1760 1311 1817 47.
1366 1761 1475 1829 563
1531 1762 1591 1813 et
1652 1756 1956 1832 genitivum
2006 1748 2167 1833 ηὀὕς
2225 1755 2294 1813 11.
2350 1760 2403 1815 8.

120 1832 256 1891 VII.
311 1838 446 1913 1673
491 1837 743 1896 dativum
782 1830 896 1916 ηὀἴ
937 1837 1063 1897 VII.
1108 1843 1230 1899 219.
1313 1837 1381 1897 In
1422 1840 1740 1899 accusativo
1780 1842 1997 1897 tantum
2043 1838 2135 1897 bic
2185 1838 2300 1897 illic
2344 1840 2405 1897 in

119 1915 298 1977 codd.
352 1920 630 1979 nonnullis
683 1922 1002 1980 aberratum
1041 1928 1148 1995 est,
1210 1940 1555 1997 quamquam
1606 1939 1643 1980 a
1680 1922 1937 1981 Bekkero
1992 1922 2200 1999 ubique
2251 1926 2405 1983 tecte

115 1994 223 2105 00:03
262 2003 544 2061 scribitur:
607 2004 675 2067 II.
725 2010 764 2063 8
809 2001 956 2084 πρός
996 2002 1110 2083 τὴν
1153 1999 1252 2086 ἦῶ
1291 2006 1373 2065 nic
1416 2024 1543 2064 cum
1585 2004 1657 2065 R.
1706 2005 1783 2065 K.
1824 2004 1907 2063 M.
1954 2012 2015 2065 et
2068 2024 2200 2065 mox
2263 2007 2399 2065 item

120 2089 229 2164 ηώ·
274 2079 405 2164 (ἦαί
445 2086 565 2161 R).
616 2088 766 2147 Olim
813 2088 1114 2166 utrobique
1161 2088 1256 2153 ἕω.
1308 2089 1382 2149 11.
1424 2094 1495 2149 32
1536 2085 1687 2169 πρὸς
1718 2083 1815 2169 ηόὅ
1860 2089 2013 2167 vulg.
2057 2088 2137 2153 ἕω
2176 2088 2253 2149 Κ.
2298 2088 2397 2147 ΙΙΙ.

123 2174 231 2230 106
271 2164 428 2247 πρὸς
465 2166 578 2247 τήν
633 2170 711 2233 ἕω
756 2172 879 2231 Gsf.
932 2174 1022 2233 alii
1069 2180 1127 2233 ct
1179 2173 1370 2251 vulgo.
1431 2165 1535 2253 ηἀῒ
1572 2174 1714 2233 Bkk.
1752 2228 1757 2235 ,
1797 2172 1895 2232 IV.
1936 2178 2007 2233 18
2059 2168 2215 2255 πρὸς
2280 2168 2399 2253 τήν

117 2247 224 2332 ἠῶ
267 2254 408 2313 Bkk.
450 2254 540 2312 alii
582 2274 710 2313 cum
751 2257 812 2315 S.
857 2256 927 2315 V.
980 2256 1057 2319 ’ἔω
1117 2258 1244 2317 Gsf.
1307 2256 1416 2318 alii.
1500 2260 1566 2317 19
1625 2252 1783 2336 πρδς
1838 2252 1955 2335 τη“ν
2014 2254 2093 2319 ἕω
2144 2257 2271 2315 Gsf.
2338 2262 2397 2315 et

123 2338 317 2411 vulgo.
357 2331 455 2417 ηἀῑ
499 2338 642 2399 Bkk.
701 2338 771 2398 al.
823 2335 892 2403 τδ
943 2337 1092 2421 πρὸς
1146 2337 1261 2419 τὴν
1304 2340 1382 2403 ἕω
1425 2341 1548 2399 Gsf.
1594 2347 1653 2400 et
1697 2340 1887 2415 vulgo.
1928 2333 2023 2419 21⁹6
2060 2340 2201 2399 Bkk.
2268 2358 2395 2399 cnm

121 2423 187 2479 S.
230 2421 299 2478 V.
343 2453 430 2465 —
471 2428 540 2481 20
580 2419 646 2485 τὸ
693 2420 758 2483 δὲ
808 2419 954 2503 πρὸς
997 2418 1092 2501 ηἀἴ
1140 2425 1290 2500 vulg.
1331 2417 1465 2503 (ηάί
1503 2424 1599 2501 F.)
1646 2423 1723 2485 ἕω
1770 2423 1842 2481 V.
1899 2456 1974 2469 -
2021 2429 2094 2483 40
2135 2419 2204 2485 τό
2248 2419 2397 2505 πρὸς

119 2501 238 2582 τὴν
279 2498 379 2582 ηὀῖ
425 2506 568 2565 Bkk.
615 2526 740 2566 cum
779 2508 846 2566 S.
893 2506 970 2568 ἕω
1013 2508 1138 2565 Gsf.
1183 2508 1253 2566 al.
1296 2539 1381 2551 —
1428 2511 1497 2565 99
1548 2502 1647 2584 ηἀἳ
1708 2505 1861 2581 vulg.
1926 2504 2006 2567 ἕω
2067 2505 2138 2564 F.
2205 2504 2297 2564 VI.
2354 2510 2395 2565 8

124 2584 220 2665 ἠῶ·
259 2588 403 2647 Bkk.
451 2590 524 2649 αι.
568 2609 698 2649 eum
738 2591 802 2648 s,
845 2591 914 2650 v.
961 2590 1039 2653 τω
1089 2591 1216 2649 oss.
1257 2590 1332 2648 al.
1397 2588 1521 2647 vu.
1568 2592 1671 2647 176
1716 2582 1814 2665 ‚503
1867 2587 2019 2661 vulg.
2072 2603 2223 2646 mmo
2270 2580 2392 2665 (ἤό

119 2674 224 2749 F.)
275 2671 352 2735 ἕω
397 2675 458 2734 S.
505 2674 578 2731 V.
616 2706 702 2719 —
745 2674 863 2733 sed
907 2675 1027 2733 sine
1080 2675 1350 2733 varietate
1409 2667 1509 2749 ηὀῖ
1560 2677 1713 2731 recte
1764 2670 2034 2747 scriptum
2086 2670 2292 2748 legitur
2346 2669 2392 2727 Ι.

123 2762 245 2817 142.
291 2763 411 2817 201.
463 2762 587 2817 204.
639 2757 726 2816 ‘II-
774 2761 857 2817 17.
916 2762 1000 2817 99.
1049 2762 1168 2817 138.
1215 2762 1334 2817 158.
1402 2754 1497 2819 III.
1546 2760 1631 2815 98.
1699 2757 1783 2815 99.
1856 2754 1949 2819 IV.
2006 2760 2091 2813 22.
2150 2760 2237 2813 25.
2300 2759 2388 2815 35·

119 2847 196 2901 40
239 2835 342 2918 (ul
387 2838 543 2923 πρός
583 2834 708 2921 η’ῶ)
752 2846 842 2901 44.
882 2847 968 2901 48.
1021 2848 1136 2903 122.
1191 2846 1308 2900 181.
1355 2844 1475 2901 191.
1548 2840 1615 2899 V.
1657 2843 1743 2899 49.
1817 2838 1942 2898 Vll.
1984 2844 2070 2900 58.
2117 2843 2236 2899 126.
2272 2842 2389 2899 129.

119 2924 274 2985 Vlll.
318 2929 405 2985 85.
439 2932 560 2990 132.
621 2926 719 2986 IX.
763 2931 850 2987 46.
937 2927 1054 2993 Sed
1111 2919 1382 2988 ἑωθινόν
1415 2924 1518 2983 ΠΙ.
1571 2930 1674 2983 104
1714 2923 1817 2981 bie.

289 3007 376 3067 Ac
422 3004 731 3089 πολιήτης,
779 3029 948 3086 quam
996 3010 1249 3069 vocabuli
1293 3012 1528 3069 somam
1570 3009 1783 3087 epicam
1850 3006 2193 3083 omninoque
2246 3023 2391 3085 poe-

125 3094 291 3152 ticam
333 3099 552 3153 tantum
593 3095 766 3155 fuisse
806 3096 1036 3165 aedas,
1092 3094 1422 3171 praesertim
1476 3092 1522 3151 si
1582 3092 1891 3155 memineris
1955 3092 2113 3166 quod
2173 3097 2393 3149 veteres

119 3178 462 3253 grammatici
505 3184 563 3236 et
607 3180 679 3238 de
725 3178 930 3239 havet
973 3178 1048 3237 de
1088 3177 1210 3235 aliis
1252 3177 1517 3237 similibus
1559 3182 1618 3236 et
1666 3174 2021 3235 dissimilibus
2065 3174 2378 3233 docuerunt

120 3259 412 3339 (Apollon.
449 3269 738 3339 grammat.
779 3263 837 3321 in
864 3262 1039 3321 Bekk.
1067 3260 1278 3322 Anecd.
1321 3262 1395 3334 ll,
1437 3280 1493 3339 p.
1546 3266 1677 3319 524:
1721 3250 1805 3338 ἦν
1846 3251 2224 3336 πλησιασμός
2278 3263 2401 3317 του·

119 3346 165 3417 ῖῆ
207 3343 274 3405 ἐν
317 3348 402 3429 τῷ
445 3342 569 3425 τιή,
631 3348 884 3427 φεροίη,
939 3341 1263 3424 πολεμήϊα,
1318 3338 1631 3425 πολιήτης,
1692 3336 2015 3422 μυθιήτης.
2078 3339 2244 3397 Eust·
2306 3338 2382 3399 ad

123 3426 350 3506 Dionys.
401 3428 616 3506 Perieg.
659 3448 739 3491 vs.
784 3437 951 3491 1010:
992 3425 1312 3508 ὀφιήτιδος
1359 3426 1595 3507 πέτρης.
1638 3422 1703 3489 τὸ
1736 3423 1804 3489 δὲ
1840 3418 2098 3504 ὄφιήτης
2132 3428 2387 3485 πλεονα-

120 3508 270 3591 σμὸν
305 3511 422 3591 ἔχει
464 3518 575 3577 τοῦ
618 3518 668 3590 ἦ
715 3516 821 3577 καί
859 3513 1020 3576 ἐστιν
1064 3509 1280 3589 ὅμοιον
1327 3516 1412 3594 τῷ
1455 3508 1766 3591 πολιήτης.
1827 3510 1898 3567 cs.
1968 3514 2029 3569 et
2084 3505 2228 3567 Lob.
2274 3504 2389 3566 Pa-

120 3614 264 3672 terg-
305 3616 362 3675 p.
414 3602 518 3659 699
567 3596 682 3676 sq.)
723 3605 784 3659 et
823 3599 882 3657 id
919 3600 1076 3675 quod
1114 3598 1447 3657 Herodotus
1488 3598 1606 3677 ipse
1660 3598 1983 3655 constanter
2040 3592 2177 3649 dixit
2230 3588 2389 3651 Ἡλι-

121 3686 434 3744 ουπολῖται
474 3683 546 3741 11.
599 3685 683 3741 73.
728 3678 1178 3762 Ὀλβιοπολίτας
1211 3678 1307 3742 IV.
1347 3686 1433 3741 18.
1500 3679 1940 3749 Καλλιπολίτας
1988 3674 2113 3735 Vll·
2174 3680 2276 3735 154
2328 3680 2388 3732 et

120 3767 526 3845 Παπρημίτης
565 3766 638 3824 Π.
697 3770 815 3826 165.
856 3770 942 3828 71.
991 3771 1287 3845 Χεμμῖται
1331 3762 1397 3823 ΙΙ.
1436 3767 1504 3823 91
1550 3769 1610 3823 et
1632 3763 1938 3843 Χεμμίτης
1958 3756 2025 3817 n.
2052 3762 2171 3819 165.
2207 3761 2387 3833 Μεμ·

121 3849 300 3927 φίτης
343 3848 411 3908 11.
466 3857 584 3911 112.
659 3850 889 3927 Σαΐτης
939 3849 1009 3909 11.
1046 3857 1162 3909 152.
1210 3852 1326 3909 165.
1360 3852 1482 3907 169.
1536 3847 1895 3924 Βουσιρίτης
1928 3842 2007 3903 11.
2055 3846 2175 3902 165.
2228 3843 2385 3901 Bov-

123 3934 400 4011 βαστίτης
439 3934 511 3993 11.
578 3936 681 3993 166
731 3939 790 3994 et
838 3933 1044 4006 ibidem
1067 3938 1072 3941 ’
1095 3926 1479 4011 Ἀθριβίτης,
1539 3932 1991 4011 Φαρβαιθίτης,
2060 3923 2384 4003 Θμουΐτης,

119 4012 495 4095 Ὀνουφίτης,
563 4020 1023 4098 Μυεκφορίτης,
1097 4012 1414 4093 Ἀφθίτης,
1496 4018 1781 4091 Τανίτης,
1826 4044 1911 4057 --
1952 4009 2023 4067 V·
2066 4012 2137 4065 44
2186 4003 2391 4080 Συβα·

123 4108 296 4179 ρῖται,
318 4134 406 4146 --
431 4108 620 4161 tamen
643 4102 778 4161 eatis
810 4102 996 4161 multis
1044 4101 1098 4160 in
1149 4100 1286 4159 locis
1333 4099 1579 4157 omnium
1621 4099 1883 4156 librorum
1919 4091 2283 4155 anctoritate,
2327 4090 2391 4143 ut

121 4186 526 4260 Herodotoum,
578 4187 850 4247 munitum
899 4193 1006 4259 est,
1049 4191 1112 4244 ut
1150 4184 1431 4261 quosdam
1472 4182 1641 4241 libros
1658 4221 1675 4250 ‚
1726 4176 1820 4233 ubi
1863 4172 2093 4305 altaeram
2135 4165 2393 4225 exhibent
