2784 4567
307 89 436 158 16⁶
975 89 1067 150 De
1107 89 1354 150 dialecto
1372 90 1703 150 Herodoto
1744 89 1845 156 lib.
1878 86 1953 150 ΙΙ.

310 260 382 324 V.
423 263 511 320 47.
539 264 641 319 71.
678 249 1186 337 Ὀλυμπιόδωρος
1227 254 1324 317 IX.
1358 261 1427 318 21
1470 277 1671 316 omues
1714 257 1899 315 nostri
1936 255 2086 332 libri,
2120 257 2277 318 nudis
2316 259 2623 319 vadente

274 344 623 416 adnotata,
663 361 770 422 per
807 341 848 406 ’ὁ
891 342 1108 419 scripta
1146 341 1356 418 ubique
1393 341 1701 411 exhibent,
1746 343 1881 416 etsi,
1920 345 1987 399 ut
2032 337 2443 422 Ξειναγόρης,
2504 347 2619 403 Τι-

315 423 592 526 μόξεινος
629 433 889 486 nostrum
931 427 1146 486 dixisse
1184 430 1416 484 constat
1459 423 1563 502 (cf.
1610 443 1783 502 supra
1825 446 1886 503 p.
1931 429 2063 503 150)
2112 427 2197 484 sic
2236 429 2417 485 etiam
2472 421 2617 488 Ου-

315 505 738 590 λυμπιόὸυρος
779 518 838 569 et
885 503 1242 587 Ούλύμπιος
1283 517 1399 568 etc.
1435 529 1543 587 per
1584 530 1659 572 ου
1704 509 1925 587 scripta
1968 513 2265 588 exspectes
2302 511 2383 568 cs.
2429 510 2613 571 Pina.

317 595 544 672 olymp.
582 594 688 669 ΙΙΙ,
730 599 766 654 3
805 593 1111 667 (Boeckh.)
1149 598 1210 653 et
1251 599 1318 652 15
1359 600 1421 652 et
1460 599 1549 654 36.
1586 625 1677 638 -—
1711 594 2027 671 κουριδίας
2054 600 2364 674 γυναῖκας
2398 594 2451 652 Ι.
2503 599 2611 654 135

314 677 428 758 (sic
469 679 551 738 Μ.
590 678 668 736 K.
704 677 776 738 F.
828 695 884 738 a.
946 679 1298 759 κουριδίους
1341 677 1478 737 edd.
1524 685 1668 736 vett.
1712 697 1843 736 com
1892 678 1975 752 c.)
2024 669 2284 736 omuibus
2330 680 2387 736 iu
2440 679 2611 738 libris

316 781 422 841 per
468 785 544 824 ov
588 764 862 840 seriptum
903 768 1124 831 exstat3
1175 763 1312 822 item
1353 759 1425 818 V.
1471 766 1539 819 18
1580 763 1897 839 κουριδίας
1934 767 1997 820 et
2038 761 2141 818 VJ.
2185 767 2291 820 138
2326 765 2608 842 κουριδι-

317 845 455 910 έων.
493 877 584 897 --·-
623 847 955 924 Eodemque
993 803 1170 904 modo
1211 838 1614 921 Διοσκούρων
1654 845 1729 904 11.
1774 853 1845 904 50
1880 847 1957 904 ab
1994 846 2253 903 omnibus
2298 853 2465 904 recte
2504 867 2609 905 re-

317 932 568 998 tinctum
605 931 776 989 etiam
810 931 882 990 11.
915 935 988 990 43
1030 926 1434 1008 Διοσκούρων
1471 930 1642 1004 vulgo
1684 931 1771 988 sic
1806 937 1964 988 recte
2007 930 2297 1004 scribitur,
2334 928 2439 988 ubi
2484 950 2605 990 ιιοιι

317 1015 638 1074 andiendus
681 1019 776 1072 est
816 1015 944 1076 cod.
987 1015 1079 1090 S.,
1121 1015 1192 1073 ab
1235 1014 1499 1072 Atticista
1540 1015 1824 1090 quodam,
1876 1025 1938 1072 ut
1975 1013 2232 1082 videtur,
2280 1032 2605 1092 perperam

322 1105 617 1158 correctus
657 1095 760 1172 (cf.
802 1097 954 1162 Lob.
997 1056 1211 1172 Pliryn.
1253 1117 1312 1176 Ρ.
1357 1103 1465 1156 235
1486 1117 1596 1196 sq.
1657 1099 1840 1176 Greg.
1876 1097 2011 1155 Cor.
2045 1117 2103 1174 Ρ.
2146 1096 2279 1173 300)
2323 1093 2597 1162 Διοσκό·

318 1203 444 1261 ρων
488 1181 892 1254 substituente,
937 1188 1000 1239 ut
1024 1181 1119 1242 Vl.
1151 1185 1247 1241 127
1278 1172 1661 1259 Διοσκόρους
1687 1201 1796 1280 pro
1826 1188 1987 1240 recte
2020 1181 2256 1258 vulgato
2284 1178 2606 1245 Διοσκού-

321 1283 505 1346 ρουςς
545 1271 607 1320 et
648 1262 798 1323 vm.
833 1269 906 1323 65
949 1269 1023 1348 τῇ
1068 1265 1346 1344 Δημητρὶ
1385 1264 1490 1327 καὶ
1532 1269 1605 1366 τῇ
1652 1259 1827 1348 Κόρῃ
1861 1284 1969 1344 pro
2019 1265 2229 1342 vulgat.
2262 1283 2424 1324 nune
2472 1287 2605 1326 cum

321 1349 492 1408 codd.
547 1341 628 1450 Μ.
665 1347 734 1406 F.
787 1351 871 1432 τῇ
903 1349 1125 1427 Μητρὶ
1169 1349 1272 1410 καὶ
1314 1349 1392 1431 τῇ
1438 1346 1672 1433 Κούρῃ.
1744 1383 1829 1394 --
1901 1349 1986 1407 Δο
2034 1348 2201 1406 valde
2240 1351 2426 1408 miror
2470 1351 2603 1410 vul·

319 1439 460 1510 gata
502 1424 690 1508 κόρας
733 1437 793 1489 et
839 1429 1019 1513 κόραι
1064 1433 1158 1491 IV.
1206 1439 1276 1492 33
1319 1441 1382 1492 et
1436 1437 1509 1492 34
1554 1450 1737 1509 usque
1792 1435 1867 1490 ad
1918 1433 2069 1492 huuc
2124 1433 2279 1492 diem
2339 1425 2605 1494 tolerata

319 1516 532 1591 fuisse,
577 1534 725 1593 quae
773 1516 862 1575 vel
906 1518 1184 1577 omuibus
1209 1518 1378 1576 codd.
1422 1518 1565 1576 Μει.
1603 1517 1799 1576 invitis
1847 1518 1997 1577 haud
2044 1516 2214 1575 dubie
2253 1519 2313 1574 iu
2362 1514 2607 1597 κούρας
2732 1515 2742 1524 ’

321 1607 384 1660 et
424 1605 643 1680 κοῦραι
683 1602 952 1660 mutanda
992 1607 1189 1672 erant3
1244 1621 1415 1678 quam
1462 1602 1702 1659 somam
1740 1603 1925 1702 Greg.
1970 1602 2104 1660 Cor.
2152 1602 2209 1660 d.
2254 1603 2319 1658 d.
2363 1601 2499 1660 Ιοιι.
2538 1623 2599 1682 p.

319 1687 426 1746 387
467 1685 702 1744 disertis
744 1686 932 1745 verbis
968 1685 1202 1746 Ionibus
1245 1685 1469 1743 tribuit.
1514 1709 1599 1746 τω
1642 1709 1677 1748 o
1718 1677 2164 1765 ύπερβάλλουσι
2202 1709 2269 1747 το
2310 1703 2385 1746 υ·
2438 1683 2603 1768 κόρη

227 1793 238 1798 ·
321 1762 556 1851 κούρη,
603 1763 788 1842 νόσος
829 1776 1072 1845 νοῦσος.
1105 1803 1193 1816 —-
1238 1771 1322 1828 Ac
1367 1747 1605 1828 similem
1650 1770 1709 1826 in
1752 1771 1981 1829 modum
2024 1772 2191 1828 etiam
2232 1774 2443 1827 auctor
2480 1771 2601 1833 Vit.

321 1853 496 1913 Hom.
541 1874 592 1912 c.
634 1859 706 1912 30
746 1850 1166 1934 κουροτρόφος
1207 1855 1369 1914 dixit.
1416 1885 1504 1898 —-
1565 1853 1877 1920 Nominum
1921 1849 2075 1934 γόνυ
2118 1859 2179 1912 et
2222 1849 2375 1932 δόρυ
2424 1873 2605 1916 casus

321 1937 588 2015 obliquos
629 1945 689 1995 et
719 1941 1097 1997 nominativos
1136 1937 1382 2017 plurales
1436 1955 1779 2030 quamqu—am
1820 1945 1879 1997 et
1919 1944 2150 1996 veteres
2202 1945 2263 1996 et
2301 1941 2606 1999 recentio-

321 2039 416 2079 res
460 2021 812 2096 grammatici
853 2023 1218 2080 consentiunt
1248 2022 1440 2080 Iouice
1480 2041 1585 2099 per
1634 2045 1707 2085 ου
1770 2023 2019 2101 scriptos
2075 2013 2255 2080 fuisse
2276 2063 2297 2097 ,
2352 2023 2605 2102 ejusque

324 2121 556 2161 causam
597 2123 702 2162 suo
747 2118 910 2163 more
951 2113 1241 2184 exponunt
1285 2103 1392 2186 (cf.
1430 2107 1617 2182 Greg.
1656 2105 1791 2169 Cor.
1822 2107 1881 2164 d.
1914 2107 1974 2168 d.
2013 2107 2138 2168 Ιοιι.
2168 2125 2228 2185 Ρ.
2256 2109 2379 2167 489.
2426 2107 2605 2166 Butt-

321 2205 512 2244 mann.
557 2204 642 2262 gr.
676 2205 765 2262 gr
799 2187 846 2262 1,
875 2207 931 2266 p.
963 2189 1095 2293 229)
1134 2195 1322 2249 tamen
1367 2188 1673 2266 aliquoties
1713 2192 1865 2269 apud
1910 2197 2163 2250 nostrum
2210 2191 2403 2252 Attice
2450 2194 2605 2251 scri-

321 2272 410 2350 pti
443 2277 688 2332 exstant.
739 2305 812 2318 —-
865 2271 1152 2352 Δούρατα
1194 2270 1427 2350 quidem
1474 2293 1673 2334 omnes
1714 2282 1868 2334 recte
1903 2276 2171 2334 retinent·
2190 2273 2237 2337 Ι.
2280 2277 2371 2333 79.
2434 2271 2603 2338 δού-

325 2374 468 2436 ρασι
515 2356 559 2420 1.
602 2359 724 2416 172.
776 2353 1076 2439 γούνατος
1117 2357 1192 2422 ΙΙ.
1231 2364 1322 2420 80.
1377 2351 1651 2439 γούνατα
1689 2359 1737 2418 Ι.
1781 2363 1905 2420 199.
1946 2359 2053 2420 ΙΠ.
2097 2363 2216 2421 103.
2232 2354 2603 2459 γουνάτων

321 2440 424 2503 ΙΧ.
464 2445 518 2501 7.
581 2433 837 2524 γούνασι
885 2442 1150 2505 IV.152.
1209 2444 1313 2502 sed
1363 2443 1411 2505 L
1457 2450 1560 2504 112
1588 2463 1725 2546 pro
1767 2445 2002 2522 vulgato
2061 2435 2378 2546 γουνάτων
2438 2445 2605 2502 exhi-

323 2527 465 2584 bent
501 2527 679 2586 codd.
721 2525 795 2586 F.
839 2547 891 2590 a.
937 2551 1140 2631 γονατ.
1225 2525 1299 2585 Π.
1341 2532 1447 2587 132
1498 2522 1752 2608 γούνασι
1808 2528 1963 2604 vulg.
2027 2523 2243 2629 γόνασι
2283 2524 2350 2585 Ρ.
2398 2527 2487 2587 Κ.
2532 2530 2603 2588 F.

322 2609 452 2673 Vll.
496 2615 568 2670 88
609 2609 676 2673 ἕν
718 2619 874 2675 τοῖσι
915 2609 1172 2695 γούνασι
1213 2611 1532 2690 ἀπέταμον
1563 2613 1776 2688 vulgat.
1814 2610 2069 2694 γόνασιν
2110 2603 2407 2687 ἀπέτεμον
2450 2613 2603 2672 mule

323 2696 388 2751 S.
474 2693 542 2751 V.
586 2699 658 2753 86
699 2690 968 2775 γούνατα
1011 2717 1162 2754 nunc
1202 2696 1418 2772 vulgat.
1472 2696 1583 2754 Alii
1626 2690 1865 2776 γόνατα.
1910 2727 1997 2738 -·
2052 2696 2146 2754 Ut
2181 2695 2271 2752 his
2308 2697 2499 2772 igitur
2542 2698 2603 2755 in

320 2778 495 2849 locis,
555 2777 650 2834 ubi
693 2781 974 2852 variatur,
1031 2799 1198 2838 nemo
1245 2780 1409 2838 facile
1456 2780 1744 2839 dubitabit
1792 2782 2007 2839 formas
2060 2797 2169 2857 per
2210 2802 2290 2840 ου
2344 2782 2605 2858 scriptas

278 2879 289 2886 ·
321 2859 648 2939 praeferre,
693 2861 776 2917 sic
816 2862 966 2920 male
995 2863 1230 2940 vulgata
1271 2859 1495 2942 δόρατα
1526 2863 1649 2924 VII.
1686 2868 1773 2924 89.
1808 2870 1931 2925 224.
1960 2864 2063 2928 lx.
2088 2869 2177 2926 62.
2216 2857 2439 2942 δόρασι
2468 2865 2601 2926 Vll.

323 2948 588 3004 41.135.
631 2949 754 3014 211,
799 2945 1020 3004 etiamsi
1062 2948 1216 3007 nulla
1253 2948 1422 3010 codd.
1470 2947 1609 3007 Mss.
1650 2950 1989 3008 auctoritate
2030 2949 2229 3025 adjuto
2268 2948 2407 3006 mihi
2454 2967 2605 3008 oon·

325 3032 442 3088 stat
483 3028 543 3084 ἰιι
579 3021 844 3108 δούρατα
885 3037 943 3088 et
987 3025 1246 3112 δούρασι
1285 3033 1556 3091 mutanda
1614 3051 1764 3132 esse.
1850 3033 1951 3092 Sic
1996 3036 2166 3093 etiam
2184 3051 2314 3134 pro
2356 3032 2605 3109 vulgato

331 3103 582 3191 δοράτια
631 3112 678 3171 Ι.
722 3115 794 3174 34
845 3116 1047 3193 reponi
1105 3117 1271 3176 velim
1313 3112 1632 3196 δουρᾶτια.
1700 3149 1787 3164 -·-
1852 3117 1973 3174 Sed
2016 3109 2397 3198 δοριαλώτου
2442 3109 2603 3180 vm.

326 3199 398 3256 7-4
429 3197 490 3256 et
525 3195 624 3260 IX.
667 3203 707 3257 4-
753 3217 922 3258 uemo
977 3201 1088 3259 erit
1143 3201 1240 3276 qui
1287 3202 1346 3258 iu
1395 3197 1813 3281 δουριαλαὶτου
1863 3208 2081 3274 mutet,
2130 3219 2299 3277 quun
2347 3196 2605 3280 δουρός,

325 3283 508 3362 δουρί
544 3284 766 3360 poetis,
821 3305 936 3343 ιιοιι
976 3291 1176 3343 nostro
1219 3288 1594 3344 concedenda
1636 3287 1769 3344 siut.
1854 3285 2009 3344 Num
2052 3292 2237 3344 autem
2284 3284 2607 3364 δοριαλω-

324 3388 472 3435 τ-συ,
531 3387 682 3425 nunc
721 3369 1022 3446 utrobique
1075 3385 1203 3427 cum
1248 3370 1423 3428 codd.
1462 3370 1536 3428 F.
1570 3371 1635 3428 S.
1678 3369 1997 3446 vulgatum,
2048 3389 2121 3428 au
2178 3365 2604 3448 ὅορυαλῶτου,

323 3450 402 3507 ab
446 3451 578 3512 edd.
620 3455 759 3512 vett.
805 3454 1112 3512 exhibitum
1130 3493 1151 3528 ‚
1191 3453 1554 3513 scribendum
1596 3455 1701 3528 sit,
1743 3454 1857 3512 alia
1876 3461 1983 3511 ‘est
2022 3455 2318 3530 quaestio,
2360 3455 2605 3513 multum

324 3534 558 3610 quidem
593 3537 670 3592 'ac
699 3555 874 3615 saepe
903 3537 998 3596 illa
1025 3539 1259 3614 agitata,
1303 3539 1411 3596 sed
1456 3540 1709 3598 noudum
1756 3556 1829 3596 ne
1841 3537 2121 3597 Lobeckii
2144 3539 2382 3616 quidem
2392 3541 2603 3616 dispu-

326 3619 638 3677 tatiouibus
686 3619 950 3699 (Pan-erg.
994 3641 1052 3700 p.
1096 3627 1202 3683 683
1243 3641 1378 3698 sqq.
1445 3622 1534 3698 Aj.
1572 3643 1633 3701 Ρ.
1684 3627 1785 3684 159
1821 3619 1987 3702 sqq.)
2031 3623 2105 3680 ad
2142 3622 2423 3699 liquidum
2468 3643 2607 3701 per-

325 3704 518 3762 ducta·
575 3705 696 3762 Sed
741 3724 912 3783 quum
946 3707 1086 3765 haec
1113 3707 1374 3784 quaestio
1412 3707 1485 3764 ab
1526 3707 1637 3766 hoc
1679 3708 1805 3767 loco
1850 3708 2037 3766 aliena
2070 3706 2168 3782 sit,
2209 3706 2411 3783 copias
2438 3725 2607 3768 meas

326 3788 402 3845 de
449 3787 557 3846 hac
599 3808 662 3847 re
708 3809 740 3848 e
783 3792 1015 3850 dicendi
1056 3792 1399 3867 scriptorum
1442 3809 1657 3868 genere
1700 3790 1973 3852 collectas
2006 3789 2143 3850 alio
2200 3790 2329 3849 loco
2386 3811 2608 3870 expro-

325 3891 484 3931 mere
532 3874 713 3931 visum
757 3880 865 3932 est.
936 3905 1018 3919 -—
1091 3873 1278 3932 Etiam
1320 3897 1429 3936 τον
1472 3870 1697 3946 ούδόν,
1743 3877 2039 3950 limeu‚u
2002 3881 2201 3933 noster
2243 3875 2391 3934 dixit
2430 3875 2484 3935 I.
2536 3879 2607 3936 90

327 3975 434 4031 pro
481 3956 672 4013 Attico
725 3950 830 4016 τὸν
875 3949 1057 4026 ὁδόν,
1112 3956 1433 4017 et111.14
1492 3953 1678 4041 ούδῷ.
1770 3961 1889 4018 Sed
1944 3952 1991 4037 ἦ
2030 3953 2221 4030 midde
2272 3959 2427 4034 (via,
2467 3960 2603 4032 iter)

328 4057 436 4112 pro
472 4032 513 4115 ἦ
563 4031 708 4110 οδός
749 4039 954 4114 (semel
995 4045 1214 4096 tantum
1259 4043 1415 4116 apud
1446 4043 1623 4101 Hom.
1666 4043 1807 4113 (Od.
1852 4045 1944 4117 17,
1987 4047 2113 4114 196)
2156 4041 2431 4118 obvium,
2471 4044 2605 4102 vide

332 4119 406 4178 ad
448 4120 518 4180 h.
549 4120 587 4179 l.
629 4120 889 4214 Eustath.
906 4121 1079 4202 ,qui
1117 4119 1406 4182 Aeolicam
1460 4125 1795 4232 epenthesiu
1842 4125 1997 4186 illam
2048 4124 2247 4206 vocat)
2292 4143 2607 4220 perperam
