2784 4567
345 192 390 253 6
961 186 1050 247 De
1101 185 1339 249 dialecto
1389 186 1725 249 Herodotea
1764 186 1861 251 lib.
1908 185 1951 245 1.

350 379 478 421 esse
519 357 908 429 Herodotum3
952 353 1186 433 ejusque
1219 354 1434 431 judicio
1478 352 1679 431 aliquis
1720 352 1883 415 facile
1928 353 2011 413 ita
2050 350 2356 429 abutatur,
2402 356 2469 412 ut
2512 370 2661 413 eon-

346 444 576 522 tendat‚
615 442 1035 517 Hermogenem
1077 460 1146 499 eo
1204 438 1382 499 malae
1438 440 1753 498 condicioni
1808 444 2132 497 nostrornm
2188 436 2364 509 Μαι,
2428 443 2665 496 nostra-
2714 510 2728 525 θ

347 547 586 607 tumque
635 528 942 588 editionum
985 524 1358 603 patrocinari;
1391 533 1567 600 quare
1606 524 1763 586 haud
1802 524 1903 583 abs
1936 543 1998 583 re
2028 542 2155 583 esse
2188 522 2407 601 putavi,
2459 527 2653 582 totum

347 614 461 673 huc
503 611 877 689 Hermogenis
919 610 1103 669 locum
1147 609 1597 687 transscripsisse
1646 606 1813 688 (περὶ
1856 608 2039 671 ἰδεῶν
2074 608 2149 669 11.
2190 628 2239 666 c.
2298 612 2401 683 13,
2440 626 2501 685 p.
2554 612 2667 667 513

349 699 442 759 ed.
507 697 679 775 Casp.
746 694 1050 765 Laurent.,
1107 713 1164 772 p.
1223 697 1328 753 399
1373 694 1465 752 ed.
1511 692 1750 771 Walz.):
1781 691 2090 767 Ἑκαταῖος
2134 689 2202 754 δὲ
2244 687 2277 755 o‘
2323 686 2663 769 Μιλήσιος,

349 774 490 863 παρ’
533 773 611 843 οὗ
656 776 737 857 δή
779 774 1042 857 μάλιστα
1094 774 1401 855 ὠφέληται
1444 774 1479 839 ὁ
1508 772 1861 858 Ἡρόδοτος,
1910 774 2182 857 καθαρὰς
2224 775 2337 854 μέν
2380 774 2509 839 ἔστι
2552 774 2663 837 καὶ

353 862 580 945 σαφὴς,
621 864 688 927 ἐν
733 864 799 927 δέ
841 882 962 927 τισι
1021 861 1124 925 καὶ
1179 860 1339 941 ήδύς
1395 856 1471 924 οὕ
1524 863 1806 943 μετρίως.
1860 867 1936 946 τῇ
1980 864 2267 943 διαλέκτῳ
2303 857 2370 921 δὲ
2402 855 2661 943 ἀκράτῳ

353 946 485 1013 loidi
529 948 636 1011 καὶ
680 943 758 1010 οὔ
799 945 1132 1033 μεμιγμένῃ
1161 940 1573 1048 χρησάμενος,
1620 942 1767 1009 ου’δὲ
1804 942 1954 1009 narni
2004 944 2113 1009 τόν
2144 940 2477 1026 Ἡρόδοτον
2520 969 2663 1007 ποι-

351 1037 514 1120 κίλῃ,
563 1024 749 1113 ἧττόν
793 1034 953 1095 ἐστιν
1001 1030 1174 1095 ἕνεκα
1229 1054 1294 1111 γε
1338 1036 1449 1110 τῆς
1498 1032 1711 1106 λέξεως
1758 1027 2093 1111 ποιητικός.
2128 1032 2232 1093 καὶ
2266 1030 2312 1109 ἦ
2350 1028 2665 1110 ἐπιμέλεια

353 1116 422 1183 δὲ
463 1110 635 1201 αὐτῷ
679 1111 754 1179 οὐ
811 1111 1085 1195 τοιαύτη,
1137 1110 1284 1179 οὐδὲ
1327 1112 1542 1193 ὅμοιος
1592 1116 1623 1179 ὅ
1662 1111 1889 1194 κόσμος
1922 1115 1960 1179 o‘
1991 1116 2127 1195 περὶ
2164 1110 2381 1193 αὐτήν.
2415 1110 2513 1177 διδ
2554 1115 2665 1189 καὶ

353 1210 488 1277 ταῖς
526 1202 781 1281 ’ἡδοναῖς
827 1200 1173 1263 ἐλαττοῦται
1221 1206 1426 1284 πολλῷ
1476 1206 1591 1263 τοῦ
1632 1196 1977 1281 Ἡροδότου,
2026 1196 2174 1264 ἆλλοῖ
2218 1196 2387 1263 πάνυ
2428 1204 2663 1283 πολλῷ.

353 1288 743 1362 Hermogenes
795 1306 966 1361 quum
1029 1286 1200 1361 igitur
1242 1292 1459 1343 tantum
1498 1286 1679 1359 absit,
1728 1293 1793 1343 ut
1841 1288 2118 1365 vituperet
2170 1286 2319 1345 illam
2373 1285 2662 1345 Herodoti

354 1377 683 1442 ποικιλίαν,
730 1378 793 1441 ut
843 1371 1017 1429 multo
1051 1376 1336 1447 praestare
1367 1388 1490 1428 eam
1518 1389 1701 1429 merae
1722 1370 1851 1428 Jadi
1878 1371 2147 1433 Hecataei
2171 1372 2513 1445 contendat,
2554 1371 2663 1429 mi-

355 1459 506 1517 nime
549 1463 795 1515 nostram
843 1462 1164 1515 nostrornm
1210 1455 1344 1513 Mss.
1401 1457 1734 1533 scripturam
1777 1462 1953 1532 atque
1987 1457 2311 1515 varietatem
2372 1456 2481 1513 ista
2526 1472 2662 1519 sen·-

355 1542 536 1601 tentia
577 1540 942 1603 confirmasse
995 1540 1308 1599 censendus
1359 1544 1480 1611 est,
1540 1541 1645 1599 sed
1680 1540 1847 1599 aliam
1890 1541 2229 1599 intellexisse
2300 1541 2661 1617 varietatem,

358 1646 529 1705 quam
579 1627 701 1704 ipse
752 1626 860 1681 alio
903 1625 1028 1683 loco
1081 1624 1182 1699 (ll.
1227 1644 1276 1686 c.
1327 1628 1384 1695 4,
1432 1642 1489 1701 p.
1534 1629 1640 1685 405
1683 1624 1801 1703 sq.)
1850 1626 2131 1683 indicavit.
2176 1626 2261 1683 lbi
2298 1626 2447 1683 enim
2480 1642 2656 1699 quum

226 1762 238 1776 ,
356 1713 432 1772 de
473 1710 623 1769 dulci
669 1709 888 1769 dicendi
935 1720 1142 1785 genere
1193 1710 1564 1787 disputasset,
1624 1718 1683 1769 et
1710 1711 2005 1788 ‘imprimis
2058 1709 2341 1769 Herodoti
2402 1708 2659 1769 dulcedi-

357 1816 488 1855 nem
535 1786 796 1855 laudibus
841 1795 1146 1864 extulisset,
1187 1794 1266 1851 ita
1307 1796 1519 1872 pergit:
1574 1793 1812 1857 ἐκεῖθεν
1858 1792 1927 1857 δὲ
1976 1790 2232 1897 μάλιστα
2269 1794 2491 1873 διαρκῆ
2526 1792 2661 1871 ἔσχε

357 1874 738 1959 (Ἡρόδοτος)
786 1874 898 1955 τήν
954 1872 1322 1958 γλυκύτητα,
1369 1874 1461 1939 ὅτι
1512 1879 1615 1940 καὶ
1671 1874 1863 1951 αὐτὴν
1922 1875 2119 1951 evade
2171 1875 2288 1956 τὴν
2342 1874 2659 1941 διάλεκτον

359 1967 691 2042 ποιητικῶς
743 1962 1052 2041 προείλετο
1110 1962 1318 2024 εἰπεῖν.
1370 1960 1417 2040 ἦ
1458 1960 1573 2043 yolo
1620 1957 1733 2035 ’Ioe'g
1762 1956 1919 2025 οὖσα
1950 1959 2233 2042 ποιητική
2274 1960 2461 2039 φύσει
2490 1961 2657 2026 ἐστὶν

357 2046 559 2127 ἦδεῖα.
608 2048 664 2107 εἰ
705 2044 771 2107 δὲ
814 2046 917 2107 καὶ
963 2044 1160 2108 ἄλλων
1205 2046 1529 2109 διαλέκτων
1565 2043 1859 2127 ἐχρήσατό
1906 2044 2287 2131 (Ἡρόδοτος)
2328 2067 2450 2109 τισι
2494 2045 2659 2121 λέξε-

363 2151 497 2211 σιν,
541 2125 725 2195 ου’δὲν
765 2135 965 2198 τοῦτο.
1021 2130 1153 2195 ἐπεὶ
1206 2130 1311 2193 καὶ
1352 2126 1627 2211 ’Όμηρος
1676 2133 1777 2195 καὶ
1834 2132 2109 2207 Ἡσίοδος
2162 2133 2265 2195 καὶ
2312 2129 2485 2196 ἄλλοι
2544 2126 2660 2195 οὐκ

363 2210 552 2298 ὀλίγοι
595 2221 720 2277 τῶν
761 2220 1034 2293 ποιητῶν
1098 2210 1427 2293 ἐχρήσαντο
1488 2215 1598 2294 μὲν
1636 2218 1739 2279 καὶ
1803 2215 2013 2292 ἄλλαις
2075 2217 2197 2281 τισὶ
2252 2216 2479 2291 λέξεσιν
2528 2215 2659 2279 ἑτέ·

363 2325 490 2379 ρων
537 2300 881 2385 διαλέκτων,
931 2296 996 2362 τὸ
1039 2305 1321 2363 πλεῖστον
1371 2297 1497 2380 μὴν
1541 2296 1796 2375 ἰάζουσί.
1840 2304 1961 2378 (De
1992 2304 2213 2382 poetica
2246 2304 2493 2363 dictione
2523 2301 2657 2361 vide

363 2387 435 2447 11.
480 2407 526 2445 e.
571 2392 660 2461 11,
725 2406 782 2463 p.
837 2387 990 2461 509.)
1053 2386 1281 2445 Bachm.
1339 2384 1553 2445 Anecd.
1629 2387 1697 2445 ll.
1752 2407 1811 2465 p.
1870 2392 2005 2449 367:
2078 2384 2147 2459 ὃς
2202 2380 2654 2468 (Ἱπποκράτης)

363 2465 608 2551 ὀἷ’κρᾶτῳ
631 2474 706 2555 τῇ
729 2465 874 2531 Ἰάδι
895 2475 1125 2549 χρῆται·
1151 2470 1191 2532 o‘
1219 2466 1665 2550 γᾶρἩρόδοτος
1694 2477 2008 2549 συμμίσγει
2040 2468 2234 2551 αὐτήν
2256 2476 2333 2557 τῇ
2352 2476 2657 2553 ποιητικῇ.

362 2557 582 2618 Eadem
606 2557 662 2615 in
688 2557 982 2634 Excerptis
1005 2576 1036 2615 e
1059 2558 1202 2614 Cod.
1227 2556 1399 2615 Paris.
1436 2577 1495 2635 p.
1532 2561 1636 2617 679
1676 2559 1838 2634 (post
1884 2558 2057 2633 Greg.
2097 2558 2229 2619 Cor.
2266 2558 2361 2617 ed.
2398 2558 2657 2631 Schaef.)

363 2643 656 2718 leguntur:
719 2640 755 2703 ὁ
791 2638 912 2722 yolo
951 2635 1274 2718 Ἡρόδοτος
1317 2644 1638 2721 συμμίσγει
1680 2636 1878 2720 αὐτήν
1929 2646 2005 2723 τῇ
2062 2647 2369 2725 ποιητικῇ.
2468 2642 2657 2701 Hero·

277 2722 286 2729 ’
367 2728 538 2785 dotus
581 2727 750 2801 igitur
785 2746 914 2784 non
961 2728 1218 2785 omnibus
1261 2728 1317 2783 in
1353 2728 1639 2785 vocabulis
1672 2748 1823 2785 nova
1854 2728 2051 2785 Jonica
2086 2728 2332 2787 dialecto
2364 2732 2452 2786 est
2504 2744 2659 2801 usus,

366 2811 468 2869 sed
513 2809 794 2867 nonnullis
839 2809 893 2865 in
938 2810 1168 2867 vocibus
1215 2810 1629 2891 Homericam„
1664 2812 2003 2886 omninoque
2046 2813 2358 2890 poeticam,
2409 2812 2467 2871 in
2513 2830 2658 2871 non·-

365 2892 530 2951 nullis
567 2892 806 2951 Atticam
849 2892 1092 2969 admisit,
1137 2895 1238 2950 sed
1285 2910 1398 2951 non
1447 2895 1527 2954 ita
1566 2888 1811 2969 admisit,
1854 2902 1919 2952 nt
1974 2916 2145 2955 unum
2186 2898 2453 2972 idemque
2488 2914 2660 2954 voca·

366 2978 560 3036 bulum
611 2979 782 3035 modo
826 2978 1135 3035 secundum
1178 2977 1463 3049 Jonicam‚
1510 2980 1680 3037 modo
1734 2980 2121 3054 Homericam,
2187 2981 2357 3039 modo
2413 2979 2659 3039 Atticam

369 3062 668 3121 dialectum
713 3062 1011 3132 formaret3
1058 3080 1227 3137 quam
1270 3062 1540 3122 sermonis
1592 3064 1825 3123 sormam
1876 3066 2222 3141 grammatici
2270 3066 2459 3141 graeci
2506 3084 2660 3124 com·

367 3166 590 3205 munem
641 3148 830 3223 potius
872 3146 1252 3205 nominassent
1297 3146 1593 3205 dialectum
1644 3148 1755 3219 (cf.
1802 3149 1897 3208 Gf.
1951 3150 2143 3209 Herm.
2198 3150 2335 3211 diss.
2394 3151 2471 3209 de
2524 3148 2660 3208 dial.

365 3230 615 3302 Pindari,
661 3230 869 3307 Opusc.
923 3230 964 3289 l.
1017 3250 1074 3307 p.
1113 3236 1227 3293 246
1269 3248 1354 3307 sq.
1408 3237 1467 3289 et
1510 3232 1692 3295 praef.
1725 3232 1900 3309 Greg.
1946 3234 2077 3296 Cor.
2125 3236 2181 3293 d.
2222 3234 2351 3294 dial.
2388 3234 2658 3311 graecis),

368 3317 470 3373 sed
515 3317 627 3385 ita,
678 3324 741 3373 ut
785 3315 1226 3391 unumquodque
1273 3315 1607 3377 vocabulum
1650 3324 2011 3394 constan-ter,
2075 3319 2179 3377 nisi
2237 3325 2437 3377 certae,
2484 3316 2659 3396 ipsius

368 3400 594 3475 linguae
637 3399 790 3474 leges
835 3399 1316 3476 contradicerent,
1369 3420 1535 3462 unam
1580 3408 1799 3461 tantum
1840 3420 2079 3479 eamque
2118 3405 2347 3483 proprie
2386 3402 2658 3461 Herodo-

369 3492 522 3543 team
565 3485 860 3561 praeberet
894 3486 1153 3562 speciem.
1243 3485 1437 3553 Quare
1480 3486 1610 3545 mihi
1664 3506 1779 3547 non
1830 3488 1981 3547 omni
2026 3508 2095 3547 ex
2155 3494 2319 3566 parte
2368 3506 2661 3567 compara-

369 3570 450 3625 tio
491 3569 582 3626 illa
629 3570 701 3627 ab
760 3570 1118 3644 Hermogene
1174 3571 1431 3629 instituta
1484 3576 1617 3647 apta
1672 3590 1807 3629 esse·
1854 3573 2113 3644 videtur3
2172 3573 2455 3631 Homerus
2512 3574 2659 3631 enim

370 3660 430 3712 et
463 3653 767 3728 Hesiodus,
811 3654 950 3729 epici
991 3659 1213 3731 poetae,
1254 3675 1366 3712 non
1403 3657 1725 3713 constanter
1761 3656 1866 3713 hac
1896 3657 1982 3715 vel
2016 3658 2107 3715 illa
2146 3658 2441 3716 verborum
2478 3657 2659 3715 forma

368 3738 454 3796 usi
499 3743 648 3805 sunt,
696 3739 794 3796 sed
840 3740 997 3796 metri
1048 3738 1264 3813 legibus
1309 3739 1485 3797 multa
1527 3760 1651 3798 cum
1696 3740 1913 3799 licentia
1972 3742 2222 3801 obsecuti
2268 3742 2501 3799 multam
2544 3743 2659 3799 for-

369 3840 586 3881 marum
613 3822 684 3881 'in
745 3822 857 3881 uno
905 3826 1216 3897 eodemque
1261 3825 1433 3882 verbo
1482 3826 1892 3901 verborumque
1936 3845 2143 3903 genere
2172 3827 2501 3885 varietatem
2540 3827 2659 3884 sine

371 3906 486 3965 ullo
529 3908 934 3971 inconstantiae
979 3907 1202 3967 crimine
1253 3910 1615 3970 admiserunt.
1680 3908 1885 3985 Neque
1933 3918 2119 3969 tamen
2156 3912 2305 3971 idem
2340 3910 2655 3985 Herodoto,

369 4008 540 4068 prosa
596 3994 851 4052 oratione
901 4012 1019 4062 usn,
1071 3994 1242 4051 licuit.
1287 3993 1515 4060 Verum,
1560 3996 1605 4051 si
1644 3994 2029 4071 Hermogenes
2060 3996 2187 4054 illos
2206 3996 2510 4053 artificiosa
2532 4012 2657 4053 orn-

369 4076 536 4135 tionis
569 4078 751 4136 forma
781 4079 1025 4153 insignes
1049 4086 1309 4136 auctores
1327 4079 1380 4135 in
1420 4097 1529 4135 una
1556 4080 1974 4157 comparatione
2004 4080 2314 4158 conjungit,
2347 4081 2436 4152 id,
2471 4080 2657 4157 credo,

369 4162 449 4217 sic
497 4163 878 4241 accipiendum
925 4172 1029 4235 est,
1067 4168 1128 4221 ut
1173 4162 1526 4233 HerodotuS,
1599 4164 1851 4239 quamvis
1914 4164 2090 4225 multa
2146 4166 2317 4223 verba
2361 4185 2473 4225 non
2526 4184 2657 4243 pro-

369 4246 490 4324 prie
533 4248 606 4305 ad
649 4256 929 4307 recentem
987 4246 1176 4306 ladem
1219 4247 1557 4326 pertinentia
1602 4250 1851 4324 elegerit,
1908 4269 1975 4309 ea
2000 4256 2212 4313 ,tamen
2252 4252 2455 4311 eodem
2492 4250 2658 4313 modo
