2784 4567
744 153 834 214 De
876 155 1122 214 dialecto
1163 153 1505 214 Herodotea
1543 153 1640 215 lib.
1685 155 1759 217 ΙΙ.
2260 148 2385 218 137

125 339 184 397 p.
229 323 352 382 419.
395 318 680 400 Interppr.
721 322 798 380 ad
841 321 1128 399 ΑτίεὶοῙιΙι.
1173 321 1234 380 N
1237 321 1334 382 ub·
1379 325 1485 382 579
1524 319 1820 403 ψεκᾶζω).
1858 357 1945 368 —-
2030 319 2161 380 Alia
2191 331 2383 386 autem

125 405 400 479 quaedam
438 405 610 484 hans
651 406 878 481 generis
913 425 1032 464 ιιοιι
1065 411 1200 464 sunt
1225 407 1594 476 Herodotea;
1638 427 1753 466 ιιοιι
1798 406 1989 510 γέμμα
2028 420 2135 484 pro
2178 433 2383 510 γαμμα

127 484 200 552 cf.
244 488 407 548 Eunt.
451 491 525 546 ad
577 489 644 550 ΙΙ.
689 485 737 572 γ’
782 491 946 548 inhio
987 511 1049 568 p.
1085 493 1192 550 370
1231 517 1318 544 :z
1359 495 1492 549 980·
1552 491 1749 554 ἰστέον
1790 487 1972 567 ‹Est‘
1934 515 2027 554 ou
2068 487 2135 553 τὸ
2174 489 2384 574 γάμμα

125 579 410 651 στοιχεῖον
451 571 644 654 γέμμα
689 573 878 652 φασὶν
900 571 1142 648 Ἴωνες,
1200 574 1300 636 καὶ
1357 568 1616 652 μαλιστα
1658 573 2071 658 Δημόκριτος,
2123 599 2178 636 κ.
2230 601 2284 638 τ.
2328 584 2379 640 λ.

125 657 194 716 cf.
239 663 300 714 et
334 658 518 716 Maitt.
559 657 788 736 (Stura)
829 679 886 736 p.
932 666 1066 718 122.
1097 691 1180 702 —
1223 659 1429 759 Neque
1472 663 1703 740 χλίερος
1736 681 1864 738 pro.
1894 661 2135 740 χλίαρος
2170 662 2243 720 cf.
2286 681 2382 720 su-

122 759 224 816 pra
263 760 322 817 p.
350 747 490 802 122.
538 761 728 818 neque
769 737 974 821 μιερός
1015 761 1124 819 pro
1168 737 1388 822 μιαρός
1444 743 1545 820 (ΙΙ.
1590 746 1687 821 47)
1730 751 1921 822 n'eqne
1962 739 2231 824 μυσερόν
2273 765 2381 823 pro

121 820 392 901 μυσαρόν
433 825 530 898 (Π.
574 831 686 898 37).
774 827 984 887 Etiam
1000 820 1318 906 βάραθρον
1361 826 1485 888 Vll.
1527 833 1632 890 133
1672 829 1917 888 omnium
1962 828 2235 888 librorum
2276 849 2383 888 au-

120 910 380 968 ctoritate
425 911 700 968 munitum
761 917 848 970 est
871 950 888 983 ‚
947 930 1288 987 quamquam
1331 905 1629 994 βέρεθρον
1670 913 1757 970 bis
1796 913 1855 970 in
1898 895 2133 972 Homeri
2176 913 2381 979 carmi-

118 993 280 1052 nibus
321 994 532 1070 legitur
579 995 719 1068 (Od.
763 1003 850 1068 12,
893 999 982 1052 94.
1026 995 1094 1052 ΙΙ.
1131 1001 1189 1068 8,
1233 1000 1346 1067 14).

281 1103 402 1168 Sed
443 1087 779 1188 quibusdam
822 1103 881 1168 iii
923 1103 1159 1170 vocibus
1185 1111 1519 1170 Herodotus
1562 1113 1941 1190 Ionesque—
1888 1135 1928 1172 α
1969 1082 2201 1188 longism
2244 1112 2305 1170 in
2338 1106 2381 1178 ‘a'

116 1189 193 1251 ita
233 1201 554 1270 mutarunt,
599 1201 694 1270 ut,
737 1197 787 1253 si
829 1195 1042 1253 vocalis
1085 1197 1223 1254 illud
1266 1201 1463 1254 secuta
1510 1197 1697 1256 brevis
1742 1201 1856 1269 est,
1903 1197 2046 1254 hanc
2088 1197 2379 1301 produce-

116 1286 268 1350 rent3
311 1280 396 1337 sic
439 1281 580 1338 dixit
601 1281 928 1338 Herodotus
959 1271 1302 1358 Ἀμυθέων,
1347 1279 1623 1353 -θέωνος
1664 1280 1737 1337 ΙΙ.
1781 1285 1851 1340 49
1893 1299 2001 1358 pro
2043 1281 2232 1338 Attico
2268 1273 2378 1344 ’Λ-

117 1359 399 1440 μυθᾶων,
435 1355 728 1438 ·θᾶονος.
792 1363 974 1422 Etiam
1018 1383 1125 1442 pro
1172 1360 1441 1442 φιλᾰονα
1474 1363 1627 1430 VIII
1662 1371 1728 1423 11
1770 1365 2030 1424 omnibus
2074 1365 2285 1422 nostris
2316 1368 2377 1424 in

115 1446 270 1505 libris
331 1455 555 1508 retento
600 1450 930 1507 Herodotus
976 1449 1106 1525 ipse
1158 1449 1429 1524 φιλέωνα
1470 1450 1681 1508 dixisse
1721 1449 2373 1515 videt11r30f.l3uttm.

115 1550 196 1605 gr.
237 1540 331 1608 gr'.
371 1532 430 1608 Ι,
471 1553 528 1611 p.
565 1539 634 1592 38
675 1533 820 1595 Not.
866 1539 954 1591 12.
999 1533 1257 1592 Eustath.
1299 1534 1375 1590 ad
1418 1533 1483 1590 ΙΙ.
1527 1530 1570 1593 2'
1612 1553 1671 1610 p.
1713 1536 1841 1607 859,
1884 1537 1968 1590 18.
2009 1563 2098 1578 —-
2178 1533 2368 1591 Etiam

117 1609 373 1688 ὀπέωνες
414 1617 513 1676 ΙΧ.
543 1625 612 1676 50
645 1618 903 1716 plerique
945 1637 1138 1675 omnes
1173 1623 1328 1675 recte
1371 1617 1699 1698 ediderunt,
1741 1615 1838 1672 ubi
1868 1617 2110 1715 quidem
2140 1617 2271 1674 cod.
2308 1617 2373 1677 S.

116 1691 396 1776 ὄπαῶνες,
441 1701 669 1762 Schaef.
717 1695 982 1772 ὀπάονες
1023 1701 1252 1760 minime
1293 1712 1509 1756 verum:
1598 1699 1695 1756 ΙΧ.
1738 1703 1805 1756 51
1852 1690 2127 1769 ὀπέωνας
2170 1699 2377 1756 editio-

112 1805 209 1842 nes
247 1785 558 1862 pleraeque
599 1805 726 1843 cum
769 1784 940 1843 codd.
983 1783 1056 1843 F.
1101 1803 1156 1846 a.
1229 1776 1513 1854 ὄπαῶνας
1556 1784 1620 1840 S.
1698 1772 1970 1854 ὀπάονας
2010 1778 2236 1844 S.chaef
2288 1815 2377 1826 -—-

112 1867 224 1926 Sed
259 1867 332 1932 V.
384 1875 482 1930 111
529 1875 590 1928 et
627 1875 736 1930 112
785 1887 984 1926 omnes
1025 1862 1154 1925 libri
1200 1869 1260 1924 in
1300 1867 1561 1926 vitiosam
1598 1867 1937 1942 scripturam
1984 1860 2195 1928 ὀπάων
2236 1885 2375 1924 con-

113 1953 351 2014 cordate
391 1955 690 2026 videntur-3
749 1969 937 2050 neque
989 1951 1138 2010 enim
1181 1951 1333 2009 aliud
1389 1971 1423 2009 e
1474 1952 1642 2009 codd.
1688 1951 1832 2009 Mss.
1880 1950 2214 2008 adnotatum
2260 1956 2373 2025 est,

111 2037 214 2094 nisi
259 2039 416 2140 quod
468 2039 790 2115 posteriore
845 2039 902 2094 in
950 2036 1075 2092 loco
1123 2034 1306 2096 Gaisf.
1361 2033 1571 2113 aliique
1626 2055 1735 2112 pro
1778 2028 1998 2096 ὀπάων
2054 2039 2375 2112 posuerunt

113 2113 144 2182 ὅ
187 2117 346 2198 Κάρ,
383 2123 539 2198 quod
581 2121 913 2199 glossemati
957 2119 1108 2177 haud
1154 2120 1429 2178 dissimile
1472 2122 1699 2177 videtur
1740 2119 1837 2189 (cf.
1864 2119 2148 2196 Interppr.
2192 2121 2269 2177 ad
2311 2119 2370 2177 h.

109 2203 188 2282 l..)
275 2207 482 2264 Verum
536 2205 705 2266 etiam
743 2205 837 2263 his
895 2205 953 2261 in
1011 2205 1152 2262 locis
1209 2201 1412 2268 όπὲων
1452 2204 1752 2266 Herodoto
1784 2204 2197 2262 restituendum
2242 2223 2371 2261 esse

107 2309 208 2366 pro
254 2298 410 2350 certo
448 2286 656 2348 habeo·
709 2322 795 2334 --·
876 2287 1058 2346 Porro
1107 2286 1456 2351 Ποσειδέων
1496 2289 1592 2348 IV.
1634 2292 1717 2346 59.
1754 2285 1851 2346 IX.
1893 2287 1983 2350 81.
2036 2279 2371 2350 Ποσειδέω·

108 2395 210 2444 νος
250 2371 330 2433 Π.
373 2380 463 2433 43.
507 2381 576 2432 50
618 2379 732 2432 ter.
773 2372 869 2434 IV.
905 2377 1029 2430 180.
1071 2372 1195 2435 VII.
1241 2378 1362 2434 192.
1402 2369 1555 2434 VIII.
1585 2376 1690 2428 123
1723 2375 1785 2428 et
1826 2373 1949 2428 199.
1998 2371 2372 2431 Ποσειδέωνι

107 2455 146 2514 Ι.
188 2463 312 2520 148.
357 2455 460 2518 IV.
506 2461 593 2518 59.
630 2461 750 2515 188.
793 2452 918 2512 VH.
947 2459 1071 2517 199.
1125 2455 1516 2516 Ποσειδέωνα
1556 2451 1685 2512 Vn.
1715 2457 1818 2510 129
1838 2460 1947 2510 ter.
1984 2451 2137 2515 VIII.
2166 2459 2253 2510 55.
2285 2483 2372 2497 -·-

103 2541 230 2598 Huc
277 2541 450 2598 etiam
492 2540 743 2616 pertinet
783 2538 954 2610 ἵλεως
995 2537 1093 2598 IV.
1117 2543 1230 2612 94,
1275 2537 1435 2617 quod
1473 2537 1775 2593 Herodoto
1830 2554 1957 2592 cum
1997 2534 2219 2609 vulgari
2264 2533 2373 2590 At-

101 2627 340 2700 tieoque
384 2639 646 2680 sermone
694 2641 990 2680 commune
1033 2625 1154 2691 est3
1210 2628 1269 2677 et
1298 2621 1481 2681 ἵλεων
1521 2618 1618 2681 VI.
1672 2621 1771 2688 91,
1828 2617 1921 2674 ubi
1968 2617 2198 2694 quidem
2239 2615 2370 2677 cod.

103 2711 164 2771 S.
201 2707 352 2766 male
396 2707 470 2766 ad
511 2707 710 2783 ίλεον,
757 2706 952 2764 ultiina
995 2709 1292 2786 correpta,
1350 2703 1658 2760 aberravit.
1743 2659 1863 2758 Sed
1910 2699 2005 2761 IV.
2052 2705 2156 2760 126
2200 2691 2373 2774 ἄξιό-

105 2815 272 2870 χρεος
315 2811 466 2848 nunc
507 2791 680 2868 vulgo
727 2792 913 2848 editur
960 2809 1085 2849 cum
1116 2790 1284 2846 codd.
1317 2787 1390 2847 F.
1421 2788 1507 2861 8,
1552 2787 1647 2864 qui
1691 2786 1917 2861 quidem
1957 2783 2052 2842 hic
2092 2805 2208 2844 non
2245 2805 2372 2843 ma-

107 2879 191 2952 gis
248 2895 417 2953 quam
474 2874 602 2935 cod.
649 2877 710 2939 S.
763 2877 818 2932 in
865 2874 1062 2947 ι’λεον,
1115 2873 1288 2930 modo
1340 2881 1571 2946 notato,
1630 2871 1898 2928 audiendi
1956 2874 2121 2946 sunt,
2198 2876 2371 2945 quum

108 2963 337 3018 eosdem
381 2959 608 3018 codices
654 2961 824 3018 etiam
865 2979 1000 3018 vero
1040 2981 1232 3039 χρεων
1274 2957 1605 3035 plerumque
1640 2947 1815 3035 χρεόν
1844 2974 1957 3012 ιιοιι
1980 2939 2368 3011 Herodoteum

107 3045 465 3103 substituisse
509 3045 752 3103 sciamus
793 3045 889 3120 (cf.
928 3043 1120 3102 Naek.
1163 3041 1417 3100 Choeril.
1463 3061 1522 3118 p.
1566 3044 1669 3098 160
1711 3058 1839 3116 sqq.
1898 3037 2217 3114 Schweigh.
2254 3037 2368 3096 lex.
2470 3105 2478 3110 ,Α

109 3129 321 3187 Herod.
359 3149 422 3193 s
441 3147 493 3188 v.
531 3125 748 3210 χρεων)
785 3134 844 3186 et
886 3129 956 3186 iis
994 3129 1162 3186 etiam
1207 3125 1621 3185 substantivum
1656 3125 1828 3204 χρέος
1870 3121 1940 3194 (Ι.
1985 3127 2106 3182 138.
2149 3121 2221 3178 ΙΙ.
2266 3125 2371 3180 136
2461 3185 2467 3192 ,

108 3218 208 3272 ter.
253 3213 350 3272 ΙΙΙ.
395 3219 515 3276 140.
531 3151 704 3278 x.Lob
743 3211 950 3288 Phi-yn.
994 3232 1052 3289 p.
1091 3207 1194 3271 391
1240 3217 1351 3288 sq.)
1408 3207 1685 3284 verbique
1734 3209 1951 3264 formae
1992 3197 2368 3263 Herodoteae

109 3294 462 3374 χρεόμενος,
511 3297 780 3378 χρέονται
821 3303 930 3354 etc.
989 3301 1051 3355 et
1101 3296 1336 3354 aliorum
1380 3295 1723 3370 scriptorum
1780 3309 1919 3347 usus
1961 3288 2145 3344 fraudi
2185 3289 2367 3344 fuisse

109 3385 410 3457 potuerint.
497 3382 704 3440 Verum
746 3388 934 3440 autem
969 3372 1292 3459 ἀξιόχρεως
1334 3379 1585 3435 retinent
1625 3375 1777 3432 Ald.
1792 3373 1923 3444 alii;
1956 3377 2021 3429 ut
2065 3377 2155 3429 est
2196 3365 2368 3446 ἄξιό-

109 3489 290 3543 χρεων
332 3459 643 3569 πρόφασιν
699 3465 742 3524 Ι.
793 3469 896 3524 156
955 3463 1217 3522 omnibus
1273 3462 1334 3518 in
1377 3460 1568 3532 libris,
1624 3466 1684 3516 et
1726 3458 1884 3543 αἰτίη
1926 3447 2215 3538 ἀξιόχρεῳ
2265 3455 2366 3515 ΠΙ.

111 3553 172 3606 35
214 3558 272 3609 et
315 3555 384 3610 36
427 3557 484 3608 et
526 3544 636 3612 ὕπ’
684 3543 974 3629 ἆξιὸχρεώ
1013 3549 1080 3611 V.
1112 3556 1234 3610 111.
1322 3546 1441 3604 Sed
1485 3545 1640 3641 quod
1677 3543 1747 3606 V.
1776 3548 1844 3602 65
1890 3559 2036 3598 nunc
2075 3540 2363 3618 vulgatum

113 3639 193 3689 est
237 3627 402 3715 ἇξιόχ
407 3657 512 3712 ρεα
565 3654 687 3694 cum
744 3634 910 3693 codd.
948 3633 1027 3691 M
1073 3631 1141 3692 P.
1187 3623 1264 3694 K.
1302 3631 1372 3689 F.
1418 3630 1482 3692 S.
1527 3632 1579 3687 a‘.
1627 3626 1683 3687 b.
1729 3647 1778 3685 c.
1831 3627 1889 3688 d.
1934 3643 2043 3702 pro
2087 3626 2368 3701 scriptura

111 3658 402 3814 Aldinae}
408 3719 746 3795 Wesseling.
778 3709 1084 3797 ἀξιόχρεω,
1127 3717 1186 3772 id
1221 3733 1336 3773 ιιοιι
1383 3711 1755 3771 dubitandum
1798 3728 1927 3768 esse
1969 3711 2193 3768 videtur
2228 3708 2367 3784 quin

113 3802 410 3872 genuinum
455 3804 564 3876 sit,
609 3821 782 3880 quum
823 3799 1179 3860 Platonicum
1223 3799 1354 3861 ιλεα
1400 3795 1715 3869 (Phaedon.
1764 3816 1824 3872 p.
1856 3797 1924 3853 95
1966 3812 2023 3853 a.
2038 3791 2097 3862 *)
2142 3792 2365 3867 aliaque

111 3882 162 3938 id
201 3905 380 3962 genus
409 3887 561 3963 apud
591 3886 943 3964 posteriores
974 3883 1294 3962 scriptores
1314 3885 1597 3940 constent.
1683 3877 2133 3957 Hippocrateum
2173 3878 2365 3932 autem

465 4047 520 4056 ...-

139 4196 162 4252 ἐ
242 4134 302 4200 *)
351 4135 502 4189 Vide
541 4139 597 4185 0¹²
629 4131 763 4190 Pht·
801 4131 1068 4188 Phaedon.
1125 4147 1178 4200 p·
1211 4129 1282 4187 83
1318 4129 1372 4185 d.
1425 4124 1515 4182 ἀεὶ
1545 4109 1817 4180 ἀνάπλεοι
1824 4119 1945 4171 *τοῦ
1978 4113 2237 4183 σώματος
2277 4108 2360 4180 §e-

119 4218 136 4250 ι
161 4219 268 4256 ναι.
