2784 4567
760 97 855 157 De
896 97 1145 159 dialecto
1178 84 1520 157 Herodotea
1563 101 1662 164 lib.
1703 100 1794 165 lv.
2271 98 2396 164 341

296 264 379 323 Ut
417 264 565 341 epici
605 268 817 339 poetae
860 269 919 321 et
962 263 1135 323 Attici
1182 264 1499 343 scriptores
1541 284 1612 327 ex
1657 264 1828 323 futuri
1873 266 2054 331 forma
2101 266 2253 330 οἴσω
2298 288 2400 327 ao-

34 353 331 407 ristum
376 348 688 405 secundum
730 346 1083 425 usurpabant
1126 342 1255 410 οἶσε
1276 391 1293 423 ,
1342 348 1584 425 οἰσέμεν
1627 358 1740 407 etc.
1725 387 1766 422 .,
1817 349 1903 405 sic
1945 368 2014 407 ex
2053 349 2161 409 hoc
2204 352 2398 410 Hero-

35 435 299 492 dotus
344 436 402 491 et
444 432 799 489 recentiores
842 432 1156 509 scriptores
1198 433 1475 491 aoristum
1525 434 1766 510 primum
1817 427 1956 494 οἶσα
2001 434 2084 491 ἱιι
2103 454 2266 494 usum
2307 456 2400 495 re-

44 520 405 596 ceperunt
446 515 550 592 (cf.
589 513 741 573 Lob.
779 514 1017 590 Parerg.
1059 534 1121 595 p.
1171 518 1335 593 733),
1390 520 1551 594 cujus
1595 516 1905 573 infinitivus
1947 518 2099 595 apud
2143 526 2399 579 nostrum

46 604 109 660 1.
186 604 325 661 157
382 599 489 664 hac
538 599 767 674 quidem
813 598 923 657 sub
982 601 1177 677 specie
1237 601 1408 676 vulgo
1460 600 1671 675 legitur
1738 594 2005 683 ἆνῷσαι.
2063 601 2152 658 vel
2195 600 2397 679 (codd.
2423 670 2432 683 ·

42 686 147 747 F.
192 686 305 763 a.)
350 680 623 753 α”ιῶσαι;
662 688 921 742 neutrum
957 702 1097 741 vero
1137 690 1369 742 rectum.
1455 684 1648 753 Quum
1691 686 1841 743 enim
1884 702 1958 743 ne
2001 684 2054 741 in
2091 685 2398 745 indicativo

50 771 356 847 quidem
396 760 613 828 ἇνοῖσα
652 786 722 825 ex
745 766 1087 827 Herodotea
1124 769 1540 827 consuetudine
1581 774 1943 845 augmentum
1989 790 2036 851 ῳ
2081 766 2217 845 (ml)
2262 770 2398 847 poni

46 872 293 931 posse
325 853 445 927 jam
486 869 661 927 supra
700 851 1045 925 viderimus,
1093 870 1282 927 neque
1328 851 1500 911 etiam
1535 853 1716 910 simile
1759 853 1956 911 vitium
2001 854 2154 929 apud
2195 853 2394 921 Quint.

58 936 327 995 Calah.
373 940 603 1011 poetam
648 928 903 1009 ἆνωΐξαι
946 934 1113 1013 (XII,
1154 941 1279 995 331.
1333 936 1407 999 cs.
1447 935 1595 993 Lob.
1639 938 1712 993 ad
1757 936 1972 997 Buttm.
2025 936 2110 1009 ΙΙ,
2153 960 2211 1015 p.
2257 934 2396 1019 251)

56 1021 479 1079 tolerandum
534 1036 665 1077 esse
708 1020 987 1093 videatur,
1031 1038 1219 1095 neque
1258 1021 1431 1078 etiam
1479 1020 1704 1087 ve‘teres
1745 1020 1917 1079 Iones
1977 1020 2073 1077 illa
2112 1021 2170 1079 in
2213 1022 2398 1079 forma

64 1105 371 1163 litteram
414 1106 451 1167 ὀ
496 1104 576 1160 ita
612 1122 753 1179 prae
794 1104 1003 1162 ceteris
1054 1103 1360 1180 extulisse,
1420 1110 1480 1167 ut
1523 1125 1557 1165 ο
1600 1106 1658 1163 ἰιι
1703 1129 1754 1165 ω
1797 1106 1970 1164 etiam
2011 1104 2068 1161 in
2118 1104 2396 1163 infinitivo

62 1194 430 1263 augeretur
450 1226 470 1261 ,
532 1192 789 1246 statuere
836 1187 1005 1245 liceat
1048 1205 1154 1264 per
1194 1188 1369 1246 multa
1409 1188 1580 1246 futuri
1641 1190 1914 1263 temporis
1955 1188 2215 1264 exempla
2257 1208 2394 1247 con-

69 1279 345 1333 stanter
386 1270 647 1328 omnibus
706 1272 765 1328 in
809 1270 1161 1329 Herodoteis
1211 1269 1371 1330 libris
1430 1277 1588 1330 recte
1643 1272 1860 1348 scripta
1915 1264 2215 1344 (ἀνοίσειν
2265 1271 2390 1331 VII.

73 1361 234 1416 149.
331 1349 602 1426 ἀνοίσεις
654 1354 731 1413 II.
784 1362 836 1413 5.
924 1354 1196 1416 οἴσονται
1249 1355 1325 1417 ΙΙ.
1379 1360 1467 1415 91.
1555 1356 1835 1418 οἴσεσθαι
1883 1356 2011 1419 VII.
2066 1362 2188 1417 100.
2256 1355 2386 1414 VII.

72 1446 233 1501 168.
300 1444 426 1501 213.
524 1438 797 1501 οἴσονται
844 1437 1133 1499 ill-132
1222 1438 1442 1513 ἐξοίσει
1493 1440 1589 1498 ΙΙΙ.
1647 1446 1736 1499 71.
1825 1440 2081 1513 ἐξοίσειν
2137 1438 2242 1497 III.
2301 1443 2391 1499 74.

76 1524 464 1599 ἐξοίσονται
505 1518 660 1581 VIII.
712 1526 803 1585 49.
890 1520 1290 1599 ἐξοισομένων
1335 1523 1492 1581 VIII.
1538 1528 1624 1584 76.
1713 1525 2110 1623 συνοίσεσθαι
2154 1523 2254 1579 lV.
2302 1528 2386 1581 15.

72 1610 165 1673 V.
233 1614 332 1668 82.
392 1612 514 1669 114.
585 1606 734 1663 V111.
791 1610 879 1664 86.
968 1601 1412 1684 συνοισόμενος
1447 1606 1542 1669 Vl.
1594 1614 1682 1668 50.
1767 1601 2239 1707 προσοισόμενοι
2286 1604 2387 1663 Vl.

78 1701 225 1753 101
237 1698 269 1763 )
332 1712 449 1750 non
500 1692 667 1749 nimis
720 1690 999 1747 audacter
1050 1689 1257 1747 fecisse
1312 1690 1548 1769 videor,
1605 1692 1654 1747 si
1699 1690 1911 1747 formas
1953 1691 2094 1747 istas
2147 1681 2387 1771 οἷνωσαι

80 1770 407 1854 (α’νωσαι)
458 1781 518 1833 et
560 1769 879 1835 οἷνωΐστου·
906 1773 1000 1833 vl.
1040 1776 1110 1831 66
1152 1792 1225 1831 ex
1264 1773 1619 1877 negligentia
1661 1781 1721 1831 et
1763 1774 2085 1848 ignorantia
2123 1749 2388 1829 librario-

80 1880 237 1919 rum
303 1859 593 1937 profectas
644 1858 703 1915 in
744 1856 1109 1915 Herodoteas
1170 1851 1410 1919 ἀνοῖσαι
1465 1864 1522 1915 et
1565 1850 1850 1919 ἀνοίστου
1903 1856 2206 1916 mutandas
2253 1874 2386 1915 esse

74 1946 349 2021 judit-,03
420 1944 493 2001 cf.
540 1944 702 2005 Suid.
746 1934 1023 2016 ἀνοῖσαι,
1076 1943 1355 2022 κομίσαι,
1407 1938 1506 2002 arai
1551 1932 1899 2013 α’νοιστέον,
1959 1943 2054 2002 δεῖ
2089 1938 2377 2018 κομίζειν.

84 2030 180 2087 Et
232 2021 653 2099 δυσεξοιστόν,
712 2019 1215 2105 δυσεκκὸμιστον.
1268 2019 1638 2099 Δυσοιστος,
1702 2021 2108 2103 δυσφόρητος.
2195 2024 2382 2103 Soph-

90 2114 318 2188 Antig.
338 2116 443 2171 272
472 2104 789 2174 ανοιστέον
818 2130 914 2173 σοι
940 2133 1214 2191 τουργον.
1264 2110 1398 2169 Eur.
1424 2108 1724 2169 Phoeniss.
1749 2130 1827 2167 vs.
1849 2113 1958 2168 273
1983 2112 2266 2211 πανταχῆ
2294 2110 2382 2172 δι-

88 2195 371 2259 οιστέον.
456 2198 573 2253 Sed
600 2195 737 2253 illud
764 2184 1064 2257 ἄνωΐστου
1096 2195 1341 2253 fortasse
1382 2196 1550 2253 etiam
1587 2214 1714 2251 cum
1743 2184 2059 2267 oivuo'z'owc,
2093 2218 2125 2253 ο
2153 2184 2382 2257 ἀνυπο-

91 2282 335 2358 nomae
356 2304 456 2341 και
484 2272 790 2339 ἆνωίστὶ’
753 2273 1190 2353 ανυπονοὴτως
1212 2279 1397 2351 (Suid.
1406 2275 1431 2354 )
1456 2276 1752 2333 confusum
1777 2283 1886 2339 est.
1919 2277 1990 2335 cf.
2014 2275 2280 2336 etSchol.
2303 2278 2381 2335 ad

90 2366 293 2423 Hom.
316 2364 377 2424 ll.
409 2359 473 2440 φ’
498 2367 589 2421 39.
673 2363 1074 2418 Verumtamen
1105 2363 1385 2415 Aretaeus
1429 2360 1498 2415 ΙΙ.
1531 2366 1594 2415 11
1635 2346 1930 2428 οἴνωϊστος
1971 2359 2044 2415 ab
2089 2352 2380 2433 ἀναφέροι

90 2450 293 2517 dixin
329 2446 487 2523 quod
528 2445 581 2501 si
607 2444 718 2501 isto
752 2444 807 2498 in
830 2442 957 2497 loco
980 2458 1180 2498 revera
1201 2441 1274 2497 sit
1294 2441 1624 2515 genuinum,
1651 2446 1754 2497 aut
1773 2441 1848 2497 ad
1868 2442 2074 2500 malam
2093 2440 2382 2517 posterio-

86 2550 239 2589 ium
266 2531 469 2586 Ionum
495 2524 955 2585 consuetudinem
985 2524 1259 2601 pertinet,
1298 2528 1397 2581 aut
1425 2524 1498 2580 ad
1543 2543 1610 2580 ea
1651 2528 1990 2599 commenta,
2033 2542 2180 2599 quae
2206 2524 2383 2583 multa

88 2616 199 2673 ill-e
238 2613 487 2689 scriptor
513 2609 621 2669 sibi
658 2606 929 2677 indulsit3
976 2608 1127 2665 unde
1167 2607 1360 2684 potius
1403 2606 1538 2663 illud
1579 2598 1873 2679 ἄνῶϊστος
1905 2607 1963 2667 in
1993 2605 2384 2667 Herodoteam

96 2699 434 2757 orationem
474 2694 622 2751 male
661 2692 874 2749 illatum
919 2710 1051 2750 esse
1090 2696 1347 2767 statuas,
1380 2708 1552 2767 quam
1593 2710 1665 2749 ex
1705 2689 1811 2748 hac
1853 2692 1910 2749 ιιι
1951 2690 2102 2749 illius
2140 2690 2340 2751 libros.

280 2780 344 2836 In
387 2777 659 2855 perfectis
702 2782 759 2833 et
788 2776 1019 2835 aoristis
1060 2775 1307 2853 passivis
1346 2776 1661 2833 formandis
1702 2780 1873 2852 atque
1909 2777 1972 2835 in
2003 2774 2380 2835 substantivis

104 2873 168 2923 et
216 2864 515 2939 adjectivis
563 2880 633 2919 ex
681 2858 793 2917 illis
832 2860 1093 2918 deductis
1134 2878 1402 2934 magnam
1455 2861 1529 2917 de
1580 2860 1764 2935 sigma
1813 2859 1906 2917 vel
1953 2860 2234 2918 demendo
2287 2860 2380 2919 vel

106 2947 383 3007 addendo
450 2945 723 3003 librorum
777 2964 907 3003 esse
947 2942 1418 3018 inconstantiam,
1475 2942 1565 3001 vel
1618 2943 1844 3003 aliunde
1888 2944 1974 3003 vel
2030 2963 2100 3002 ex
2143 2946 2379 3025 copiosa

110 3030 395 3090 Lobeckii
437 3032 509 3087 ad
560 3027 743 3105 Soph.
784 3026 875 3105 Aj.
923 3031 1027 3105 704
1071 3029 1442 3089 adnotatione
1480 3022 1632 3087 satis
1672 3033 1762 3086 est
1802 3036 2017 3090 notum.
2103 3028 2234 3089 Nec
2286 3035 2375 3088 ta-

112 3135 247 3175 men
284 3114 425 3173 satis
470 3118 581 3187 est,
621 3112 929 3181 varietates
969 3106 1285 3189 scripturae
1328 3118 1385 3171 et
1428 3113 1735 3171 scribarum
1777 3132 2003 3171 errores
2052 3111 2377 3189 collegisse,

116 3218 279 3275 quae
308 3217 425 3274 quo
464 3198 629 3275 plura
671 3215 841 3255 unum
892 3199 950 3255 in
998 3196 1185 3255 locum
1235 3204 1514 3270 congesta
1557 3196 1848 3269 videmus,
1905 3216 1976 3252 eo
2012 3196 2376 3267 incertiores,

115 3284 229 3341 nisi
266 3284 459 3340 statim
500 3281 695 3340 critica
738 3282 1017 3357 quaedam
1058 3279 1392 3355 dijudicatio
1435 3278 1673 3353 singulis
1716 3277 2073 3351 adhibeatur,
2113 3278 2188 3337 de
2233 3296 2376 3354 qua-

122 3386 233 3442 que
290 3368 591 3444 scriptura-
622 3384 733 3423 nos
790 3366 1053 3425 reddant.
1146 3364 1217 3425 Et
1272 3364 1427 3439 apud
1477 3362 1834 3420 Herodotum
1879 3361 2129 3439 quidem,
2178 3380 2376 3438 quam-

124 3470 283 3526 quam
336 3469 511 3527 saepe
564 3468 633 3507 ac
688 3450 924 3509 multum
975 3448 1262 3521 variatur,
1320 3451 1548 3521 tamen,
1600 3464 1772 3522 quum
1824 3445 1994 3505 etiam
2035 3444 2142 3505 hac
2195 3444 2252 3505 in
2309 3464 2372 3507 re

121 3554 378 3611 magnam
448 3535 595 3591 inter
663 3552 793 3595 enm
852 3539 913 3591 et
962 3540 1187 3591 veteres
1245 3528 1472 3588 Atticos
1542 3530 1860 3589 intercedat
1932 3530 2373 3606 similitudinem,

128 3638 237 3676 non
259 3620 357 3676 diu
375 3618 754 3692 haerebimus,
796 3618 935 3693 quid
954 3635 1178 3694 quoque
1202 3614 1408 3693 inloco
1429 3616 1790 3690 servandum,
1833 3615 1972 3693 quid
2010 3616 2376 3693 rejiciendum

127 3703 217 3764 sit.
301 3703 487 3779 Atque
534 3722 603 3759 ex
636 3702 717 3759 iis
753 3701 943 3760 verbis
964 3740 983 3773 ,
1032 3718 1275 3783 quorum
1313 3699 1504 3759 futura
1543 3698 1772 3760 brevem
1814 3700 2062 3759 retinent
2099 3700 2376 3773 vocalem,

128 3790 399 3860 quaedam
438 3792 607 3860 sunt,
672 3804 817 3861 quae
858 3785 1044 3860 sigma
1089 3785 1391 3859 repudiant
1433 3786 1490 3843 in
1531 3784 1679 3888 perf.
1735 3790 1908 3861 atque
1953 3785 2150 3843 aorist.
2192 3800 2350 3859 pass
2353 3818 2375 3855 ,

134 3872 209 3927 sic
247 3864 442 3949 ἇρόω,
504 3866 813 3949 ἅρήρομαι
862 3869 1085 3926 Herod.
1130 3866 1228 3924 lv.
1270 3872 1361 3927 97.
1417 3876 1476 3925 et
1505 3861 1764 3968 ἦρόθην
1811 3868 1992 3944 Soph.
2039 3866 2188 3925 Oed.
2230 3864 2373 3937 Tyr.

138 3958 261 4015 1472
300 3956 493 4033 (1484)
538 3988 619 4001 --
664 3950 929 4025 blavum,
973 3944 1261 4031 ἐλήλαμαι
1302 3959 1365 4010 et
1405 3942 1650 4029 ἦλᾶθην
1694 3958 1756 4011 ut
1795 3953 1854 4009 in
1895 3948 2132 4007 Homeri
2167 3947 2374 4004 carmi-

138 4039 285 4098 nibus
323 4040 422 4117 (n.
470 4045 539 4114 4,
588 4044 710 4099 135.
776 4046 848 4115 5,
891 3996 1018 4097 400.
1070 4040 1331 4111 13,595.
1383 4041 1486 4111 16,
1528 4036 1658 4115 518)
1719 4042 1781 4093 et
1829 4054 1902 4111 ap
1905 4032 1980 4089 ud
2023 4030 2373 4106 antiquiores

141 4120 343 4184 Atticos
384 4130 715 4183 constanter
756 4122 863 4202 (cf.
908 4120 1091 4181 Piers.
1136 4122 1209 4181 ad
1253 4120 1436 4189 Μοοτ.
1471 4141 1534 4200 p.
1565 4126 1632 4181 13
1661 4126 1719 4179 et
1745 4122 1834 4177 21.
1863 4054 2106 4174 P.Matth
2151 4134 2242 4190 gr.
2285 4132 2375 4189 gr.
