2784 4567
801 170 892 231 De
933 172 1170 233 dialecto
1213 156 1546 232 Herodotea
1594 172 1685 234 lib.
1734 176 1778 241 1,
2323 168 2407 232 41
2440 224 2459 242 ,

311 334 388 396 Et
429 338 774 414 grammatici
815 357 948 397 vero
1003 340 1110 419 ipsi
1159 350 1468 416 eorumque
1508 340 1790 419 discipuli,
1845 341 2150 399 imitatores
2204 346 2263 397 et
2312 358 2407 397 as-

137 422 341 498 seclae,
385 429 651 498 quantam
694 424 824 499 vim,
867 424 980 481 suis
1022 425 1260 500 quisque
1315 424 1622 482 rationibus
1666 432 1723 484 et
1765 424 2134 500 grammaticis
2191 430 2249 483 et
2300 425 2416 482 cri-'

136 508 263 564 ticis
309 508 533 578 ductus,
582 508 641 564 in
689 506 1137 583 constituepdam
1192 514 1443 566 veterum
1493 510 1828 587 scriptorum
1885 510 2191 566 orationem
2243 526 2407 566 exer-

135 590 372 659 cuerint,
413 609 584 667 quum
629 592 854 649 aliunde
893 592 1042 649 inter
1083 610 1277 650 omnes
1315 599 1559 663 constat,
1605 598 1727 650 tum
1774 592 2009 649 maxime
2052 598 2171 650 arte
2220 593 2409 651 critica

135 673 212 731 ab
254 672 640 731 Alexandrinis
681 675 1031 753 potissimum
1076 676 1447 751 grammaticis
1496 676 1730 735 Homeri.
1780 676 2111 734 carminibus
2160 676 2409 733 adhibita

136 758 276 814 satis
319 764 406 815 est
433 758 789 816 declaratum.
877 757 1156 816 Herodoti
1196 768 1384 818 autem
1429 760 1621 821 Musas
1672 778 1785 817 non
1836 760 2077 819 intactas
2128 778 2165 815 a
2224 776 2411 833 gram-

129 841 466 899 matieorum
513 842 984 918 disputationibus
1025 843 1242 902 relictas
1289 861 1445 915 esse,
1499 844 1587 901 vel
1626 843 1851 901 aliunde
1896 843 1985 901 vel
2030 843 2165 901 inde
2216 842 2415 917 conjici

131 925 286 997 licet,
337 926 496 999 quod
545 942 672 983 eae
673 927 886 983 Jonice
927 932 1058 983 sunt
1102 927 1353 997 locutae,
1410 932 1467 985 et
1520 928 1675 1002 quod
1731 927 1933 999 multa,
1988 944 2136 1003 quae
2176 926 2411 984 Homeri

132 1009 526 1067 consuetudini
561 1011 796 1087 propius
849 1011 1154 1083 accedunt,
1203 1010 1261 1067 in
1312 1010 1376 1066 iis
1425 1011 1795 1070 inveniuntur.
1902 1011 2097 1077 Quare
2150 1012 2206 1067 in
2262 1010 2411 1067 libris

131 1094 212 1149 de
263 1092 516 1149 dialectis
559 1092 884 1170 conscriptis
926 1100 1040 1151 tam
1088 1110 1276 1171 saepe,
1323 1094 1368 1150 si
1412 1112 1559 1169 quae
1618 1096 1847 1152 Jonicae
1895 1098 2109 1151 formae
2160 1094 2413 1153 afferun-

131 1185 254 1249 tur,
301 1176 654 1241 Herodotum
687 1179 810 1243 ⁴un'a
847 1194 970 1235 cum
993 1178 1240 1235 Homero
1275 1180 1615 1235 nominatum
1661 1178 2145 1254 deprehendimus,
2185 1179 2407 1255 saepius

129 1278 256 1315 non
299 1259 573 1333 iudicato,
621 1260 870 1318 Homero
923 1280 996 1319 an
1055 1260 1266 1318 recenti
1321 1262 1555 1319 Jonicae
1600 1262 1837 1323 dialecto
1890 1263 2073 1319 forma
2128 1263 2411 1335 quaedam

126 1344 208 1399 sit
252 1343 562 1420 peculiaris,
603 1344 846 1419 ideoque
865 1362 1034 1421 saepe
1055 1352 1352 1419 utrumque
1369 1345 1681 1403 Jouismum
1701 1347 2015 1403 confusum.
2058 1342 2247 1421 Atque
2282 1346 2409 1423 opi-

130 1428 362 1485 nionem
418 1426 592 1501 illam,
663 1446 831 1502 quam
890 1426 1268 1486 Aristarchum
1332 1428 1827 1506 Aristarcheosque
1878 1429 2129 1488 tenuisse
2184 1435 2411 1487 constat

131 1511 242 1587 (cf.
285 1510 378 1567 Fr.
423 1508 492 1567 A.
547 1510 718 1569 Wolf.
774 1510 1038 1587 Prolegg.
1092 1533 1148 1589 p.
1207 1516 1312 1571 245
1367 1533 1455 1587 sq.
1510 1514 1798 1571 Thierscb.
1849 1532 1935 1588 gr.
1996 1532 2083 1587 gr.
2127 1532 2166 1589 p
2232 1518 2410 1591 338.),

129 1594 376 1668 quodvis
423 1601 803 1668 augmentum,
858 1598 1014 1671 quod
1064 1596 1298 1654 Jonicae
1346 1597 1585 1653 dialecto
1642 1596 1795 1653 haud
1848 1602 1997 1653 esset
2050 1597 2405 1667 conveniens,

131 1680 192 1733 in
237 1678 470 1735 Homeri
513 1680 848 1739 carminibus
901 1698 1068 1753 quam
1112 1681 1346 1736 maxime
1387 1680 1749 1737 minuendum
1798 1698 1954 1748 esse,
1998 1694 2187 1733 nonne
2230 1679 2413 1735 credi-

129 1760 245 1818 bile
287 1766 396 1833 est,
439 1761 606 1818 etiam
647 1764 722 1819 ad
775 1762 1058 1819 Herodoti
1105 1764 1416 1819 orationem
1467 1763 1571 1819 hac
1608 1764 1665 1819 in
1697 1781 1757 1819 re
1780 1760 2231 1819 commutandam
2260 1760 2409 1821 mula·-

129 1851 256 1903 tum
303 1844 574 1916 effecisse,
621 1864 794 1921 quum
835 1862 952 1903 non
995 1844 1173 1901 solum
1219 1846 1278 1903 in
1327 1844 1713 1923 manuscriptis
1772 1844 2057 1903 codicibus
2100 1846 2199 1901 sed
2242 1846 2411 1902 etiam

131 1947 318 2003 usque
365 1930 440 1986 ad
484 1929 634 1987 hunc
675 1928 822 1986 diem
859 1931 914 1987 in
968 1929 1131 1987 editis
1149 1968 1168 2003 ‚
1217 1929 1381 1987 etiam
1426 1937 1785 2004 augmentum
1828 1928 2147 2006 syllabicum
2167 1971 2184 1999 ,
2226 1934 2289 1987 ut
2334 1930 2411 1987 de

129 2012 428 2089 temporali
469 2018 714 2084 taceam,
774 2020 830 2070 et
876 2012 1401 2090 reduplicationem,
1454 2032 1625 2088 qnam
1675 2015 1899 2085 dicunt,
1958 2012 2235 2071 interdum
2280 2032 2411 2091 per-

131 2092 328 2175 peram
380 2098 584 2153 omissa
623 2097 952 2155 videamus?
1010 2095 1243 2169 Nonne,
1291 2116 1463 2173 quum
1498 2104 1621 2156 tota
1664 2100 1784 2157 fere
1826 2104 2075 2156 veterum
2128 2098 2407 2172 granima-

133 2182 374 2237 ticorum
427 2181 760 2258 disceptatio
819 2182 874 2240 in
944 2182 1268 2257 quaestione
1329 2184 1403 2239 de
1464 2183 1722 2259 analogia
1776 2188 1835 2240 et
1890 2180 2167 2242 amimalia
2219 2182 2409 2258 posita

129 2266 227 2331 sit,
265 2280 572 2339 omnesque
603 2264 719 2323 fere
751 2284 942 2323 eorum
983 2266 1326 2339 grammatici
1371 2265 1493 2322 libri
1538 2266 1906 2343 etymologica
1948 2271 2110 2342 parte
2158 2271 2409 2323 tractan-

135 2350 215 2405 da
252 2345 633 2419 absolvantur,
677 2351 1110 2409 consentaneum
1161 2354 1249 2407 est
1293 2355 1575 2426 statuere,
1632 2353 1801 2409 etiam
1862 2349 2226 2405 Herodoteae
2280 2366 2411 2405 ora·

130 2431 324 2503 tionis,
379 2432 588 2509 quippe
629 2450 776 2505 quae
823 2433 1153 2490 uberrimam
1199 2433 1407 2492 habeat
1443 2433 1539 2489 ‘his
1602 2435 1675 2493 de
1731 2434 1897 2491 rebus
1948 2432 2257 2489 disserendi
2310 2430 2411 2488 co-

128 2517 308 2593 piam,
355 2516 664 2572 condicioni
704 2522 874 2590 atque
917 2516 1141 2587 rationi,
1191 2517 1368 2588 qualis
1414 2520 1499 2571 est
1540 2518 1747 2573 nostris
1788 2517 1846 2573 in
1892 2514 2031 2571 Mss.
2067 2514 2257 2588 codd.,
2292 2531 2415 2569 ma-

133 2598 488 2657 nifestissima
537 2618 733 2655 eorum
789 2600 1232 2675 disputationum
1279 2598 1799 2673 dissensionumque
1854 2595 2091 2669 vestigia
2143 2594 2417 2671 impressa

133 2681 307 2740 esse?
376 2680 582 2757 Neque
629 2700 762 2738 vero
787 2684 1006 2739 desunt
1049 2681 1176 2757 loci,
1229 2681 1322 2737 ubi
1367 2681 1640 2757 scriptura
1689 2682 1887 2739 eodem
1930 2680 2105 2737 modo
2149 2678 2415 2753 variatur,

135 2766 432 2878 quompdo
476 2766 782 2823 sententias
827 2764 1320 2841 grammaticorum
1367 2765 1447 2822 de
1474 2765 1579 2823 hac
1606 2766 1937 2845 propositas'
1968 2765 2209 2822 variatas
2242 2764 2415 2821 fuisse

135 2852 322 2909 certo*
335 2850 554 2907 scimm.
603 2878 692 2901 --.-
737 2848 782 2911 1.
801 2858 894 2908 50
933 2849 1189 2922 ἐλπίζων
1233 2842 1685 2927 ἄναμτήσεσθαι
1740 2849 1819 2907 Μ
1876 2850 1951 2908 R.
2013 2847 2191 2908 Paris.
2252 2846 2322 2912 F
2379 2864 2415 2904 e

135 2949 285 2992 corr.
331 2926 791 3009 ἀνακτήσασθαι
838 2934 991 3027 vulg.
1053 2940 1109 2993 et
1163 2932 1234 2992 F.
1277 2952 1369 3011 pr.
1385 2966 1489 2979 --
1536 2942 1602 2994 51
1644 2928 2013 3015 βουλόμενος
2045 2936 2417 3010 χαρίσασθαι

135 3017 270 3073 Ald.
305 3016 376 3077 al.
435 3018 784 3094 χαρίζεσθαι
825 3018 924 3079 Μ.
950 3016 1026 3077 al.
1065 3046 1153 3059 —--
1193 3020 1262 3075 53
1309 3016 1707 3099 προλέγουσαι
1728 3022 2157 3078 -καταλῦσαι
2203 3016 2285 3077 Μ.
2344 3017 2413 3081 S.

135 3101 212 3159 V.
257 3101 331 3159 Β.
381 3100 454 3162 F.
511 3120 564 3159 a.
613 3121 664 3159 c.
743 3100 851 3159 Alii
893 3096 1271 3165 καταλύσειν.
1313 3134 1400 3147 --
1446 3103 1492 3165 1.
1542 3108 1576 3163 9
1619 3101 1862 3181 παρέξει
1907 3123 2003 3163 τοι
2056 3096 2416 3176 θεήσασθαι

135 3184 293 3260 vulg.
349 3178 693 3262 θεήσεσθαι
734 3204 787 3247 e.
812 3218 896 3229 --
929 3192 992 3244 10
1041 3184 1108 3246 ἕν
1163 3178 1291 3264 νόῳ
1345 3184 1561 3263 ἔχουσα
1602 3190 1881 3249 τίσεσθαι
1928 3186 2113 3264 plures
2148 3184 2285 3244 Mss.
2328 3184 2414 3245 τί·

141 3273 374 3329 σασθαι
421 3267 554 3327 Ald.
607 3288 657 3327 e.
709 3300 796 3313 -—
839 3272 918 3327 60
953 3268 1153 3346 ἔμελλε
1194 3267 1533 3344 φανέεσθαι
1584 3271 1655 3330 F.
1698 3270 1773 3335 al
1815 3270 2151 3346 φαίνεσθαι
2191 3269 2252 3328 b.
2272 3268 2333 3325 d.
2358 3285 2407 3327 e.

138 3357 210 3412 73
239 3350 363 3413 καὶ
401 3353 692 3414 τίσασθαι
731 3350 934 3414 θέλων
971 3352 1124 3427 vulg.
1167 3353 1450 3415 τίσεσθαι
1510 3356 1573 3414 S.
1643 3358 1713 3414 78
1769 3351 2039 3434 ἔγνωσαν
2091 3348 2415 3429 καταστρέ-

138 3442 379 3512 ψεσθαι
415 3436 570 3512 vulg.
614 3454 790 3537 nunc,
845 3434 1380 3536 καταστρέψασθαι
1423 3438 1476 3497 b.
1526 3439 1584 3495 d.
1630 3436 2149 3517 καταστρέφεσθαι
2178 3435 2316 3495 Δ1(1.
2358 3454 2415 3495 e.

143 3524 245 3579 117
292 3518 492 3594 ἔμελλε
540 3513 781 3596 θάψειν
822 3520 979 3595 vulg.
1019 3514 1284 3582 θαπτειν
1341 3521 1399 3581 b.
1446 3522 1507 3580 d.
1550 3552 1638 3567 —-·
1682 3526 1787 3585 144
1832 3519 2247 3599 φυλασσονιαι
2295 3541 2417 3599 μη·

142 3598 390 3707 δαμους
420 3600 778 3677 ἐςδέξασθαι
826 3604 978 3679 vulg.
1025 3601 1368 3677 ἒςὸέξεσθαι
1420 3604 1501 3667 Κ.
1546 3606 1627 3668 F.
1693 3606 1798 3667 IV.
1847 3610 1947 3665 147
2000 3628 2114 3667 ουκ
2150 3605 2269 3681 ἔφη
2313 3600 2419 3679 μέ·-

141 3708 308 3757 νειν,
349 3681 478 3749 αλλ’
531 3681 1026 3749 αποπλεύσεσθαι
1073 3687 1207 3748 Δ1(1.
1253 3689 1317 3752 S.
1368 3688 1439 3752 F.
1491 3710 1546 3748 a.
1587 3710 1635 3747 c.
1682 3696 1884 3767 μενεῖν
1924 3686 2124 3769 Steph.
2181 3696 2239 3747 et
2286 3706 2417 3763 sqq.

142 3766 654 3833 αποπλεύσασθαι
709 3772 772 3830 S.
867 3769 959 3828 Et
1011 3774 1233 3848 saepius
1297 3772 1459 3845 alibi3
1536 3776 1611 3834 cf.
1669 3774 1817 3833 Lob.
1879 3776 1953 3833 de
2010 3772 2421 3833 constructione

147 3855 304 3915 verbi
330 3854 563 3931 μέλλειν
583 3862 644 3914 et
679 3854 935 3913 affinium-
967 3856 1263 3915 verborum
1298 3856 1563 3934 (Parerg.
1598 3856 1658 3937 p.
1702 3864 1806 3919 '145
1842 3878 1969 3934 sqq.
2005 3867 2062 3918 et
2098 3859 2175 3915 ad
2209 3855 2419 3927 Plu-yn.

146 3960 207 4016 p.
243 3938 419 4014 3³6..)
476 3938 521 4000 1.
565 3943 664 3998 119
693 3935 940 4016 ἄριστον
983 3934 1188 4012 εἶναι,
1205 3964 1272 4001 το
1301 3964 1379 4001 αν
1425 3940 1459 3965 ‘''
1424 3944 1567 4025 ερδη
1604 3941 1687 4003 Μ.
1726 3942 1793 3999 S.
1843 3942 1921 4004 K.
1966 3943 2035 4001 F.
2080 3960 2131 3997 a.
2176 3958 2225 3994 c.
2263 3934 2425 4013 ἕρδοι

147 4023 316 4082 Ra,
341 4023 498 4083 edd.
555 4022 757 4098 (ἕρδοι
805 4024 918 4099 b.).
973 4024 1046 4083 cf.
1095 4020 1370 4100 Lob.Aj.
1409 4044 1493 4085 vs.
1534 4002 1661 4099 ⁸903,
1708 4048 1767 4105 p.
1812 4021 2149 4083 397.-·-1.
2194 4024 2427 4077 45w0-
2550 4064 2569 4079 ι

157 4102 486 4182 λυψῆφιδα
531 4124 679 4165 nunc
727 4106 880 4181 vulg.
928 4126 1054 4166 cum
1106 4108 1170 4167 S.
1222 4106 1292 4167 F.
1339 4128 1392 4167 a.
1440 4130 1489 4173 c.
1533 4110 1939 4181 πολυψηφίδα
1978 4104 2109 4159 Ald.
2167 4100 2238 4157 al.
2318 4098 2425 4156 Alii

154 4193 584 4269 πολυψηφῑδα,
641 4191 712 4252 cf.
762 4190 1040 4269 luterppr.
1085 4192 1161 4248 ad
1204 4192 1260 4255 h
1307 4191 1343 4252 1.
1406 4195 1477 4250 ad
1531 4193 1677 4255 Plat
1719 4184 1980 4263 Reipubl.
2033 4181 2331 4244 V111.566
2358 4184 2427 4241 Β.
