2784 4567
428 133 552 200 114
1047 133 1142 194 De
1185 133 1431 194 dialecto
1470 132 1811 194 Herodotea
1848 133 1949 197 lib.
1992 133 2067 199 ΙΙ.

427 307 577 365 fusio
621 323 736 362 non
779 307 868 362 est
897 301 1258 375 Herodotea,
1297 321 1485 378 neque
1530 296 1641 362 ἰθύ
1684 306 1793 379 prb
1836 302 2111 360 adverbio
2154 301 2265 361 loci
2300 305 2575 380 positum
2616 325 2704 362 no-

427 399 550 450 stro
603 396 694 447 est
747 387 1062 458 familiare,
1119 405 1459 464 quamquam
1503 387 1652 444 idem
1694 386 1793 445 IX.
1838 393 1906 444 51
1946 382 2146 464 ὥσπερ
2190 384 2421 449 κατιθύ
2472 388 2703 452 ἐόντων.

428 475 625 544 Quare
667 483 866 530 nostro
905 472 964 528 in
1004 471 1132 529 loco
1175 471 1250 534 ΙΙ.
1295 474 1423 546 119,
1466 472 1517 528 si
1564 471 1621 527 in
1664 470 1896 544 vulgato
1942 471 2037 534 ἐπὶ
2085 469 2333 551 Λιβύης
2381 476 2702 550 persisten-

425 562 561 617 dum
613 577 742 616 esse
796 556 1130 654 negaveris,
1189 575 1245 652 qs
1251 575 1366 612 mm
1420 564 1712 612 auctorem
1752 554 1903 614 illin's
1954 556 2082 615 libri
2138 577 2243 615 suo
2286 559 2348 614 in
2398 561 2700 635 exemplari

397 643 758 736 ,Herodoteo
796 633 908 702 ἰθύ
951 641 1070 698 ibi
1057 641 1346 698 invenisse
1381 639 1703 697 verosimile
1727 640 1826 714 sit,
1868 639 1927 698 id
1959 641 2113 718 quod
2139 641 2377 700 Reizius
2419 651 2485 700 et
2508 644 2703 701 Schae-

428 727 636 785 ferus
615 746 734 801 jam
785 727 1080 798 fecerunt,
1125 719 1233 786 ἰθυ
1275 716 1521 804 Λιβυης
1562 724 1667 781 tibi
1702 723 2137 782 rescribendum
2175 727 2324 800 erit,
2382 729 2521 784 sive
2578 723 2703 798 ἷθύς

428 810 674 888 (ἰθέως)
717 809 815 872 ἐπὶ
855 803 1120 890 Λιβύης.
1207 807 1360 866 Huic
1412 808 1539 865 loco
1594 807 1735 865 alius
1782 809 1951 866 etiam
2004 810 2161 886 apud
2216 815 2496 868 nostrum
2542 813 2611 872 V.
2648 818 2704 870 64

432 896 635 952 obvius
678 895 1072 952 atlnectendus
1115 899 1233 950 est:
1281 893 1348 955 οἵ
1383 890 1450 954 δὲ
1488 886 1936 970 περιγενόμενοι
1982 887 2452 968 ἆπαλᾶσσοντο,
2506 887 2593 968 ὥς
2640 892 2699 957 εἶ-

430 1002 575 1058 χον,
622 974 764 1050 ι’θυς
805 977 904 1040 ἐπὶ
955 980 1304 1054 Θεσσαλίης,
1346 975 1606 1053 quibus
1592 997 1653 1032 ιιι
1694 976 1940 1050 vulgatis
1983 979 2173 1036 verbis
2219 973 2370 1049 ἰθύς
2420 981 2579 1037 male
2623 981 2703 1037 ha·

433 1065 606 1122 bebat
645 1062 1118 1138 Wesselingium‚
1171 1070 1230 1122 et
1270 1060 1639 1159 praetulisset
1680 1055 1791 1122 lov
1838 1059 1938 1122 ἐπὶ
1980 1064 2343 1140 Θεσσαλίης,
2408 1067 2529 1122 nisi
2578 1085 2704 1138 eum,

433 1147 525 1206 hic
571 1141 716 1218 ἰθύς
757 1166 864 1223 pro
907 1148 1126 1204 directo
1171 1146 1575 1221 accipientem,
1628 1146 1866 1202 aliorum
1906 1148 2263 1221 quorundam
2310 1147 2587 1206 locorum
2634 1147 2703 1205 vel

435 1232 872 1308 depravatorum
929 1230 1018 1288 vel
1067 1249 1103 1286 a
1157 1239 1360 1288 nostro
1402 1230 1531 1288 loco
1576 1228 1889 1288 alienorum
1940 1232 2291 1306 comparatio
2336 1232 2705 1291 abstinuisset

435 1316 596 1394 (vide
633 1333 761 1377 eum
803 1314 878 1372 ad
927 1314 984 1372 h.
1017 1311 1106 1392 l..)
1193 1313 1322 1372 Nec
1369 1319 1559 1372 tamen
1602 1314 1773 1372 video
1818 1313 1986 1372 ullam
2022 1315 2235 1389 justam
2288 1334 2571 1392 causam,
2626 1338 2705 1374 cur

434 1419 470 1457 a
510 1398 744 1474 vulgato
789 1392 936 1471 ῑθύς
985 1398 1344 1473 omniumque
1384 1397 1659 1456 librorum
1714 1398 2057 1456 auctoritate
2113 1399 2498 1477 recedamus,
2558 1420 2703 1477 quum

435 1483 566 1542 huic
607 1483 845 1541 similem
901 1482 1200 1540 verborum
1241 1481 1722 1540 constructionem
1770 1501 1884 1540 non
1926 1482 2263 1542 Herodotus
2306 1486 2513 1543 solum
2558 1506 2701 1544 usur-

435 1569 689 1646 paverit,
725 1567 832 1627 sed
875 1566 969 1625 alii
1015 1567 1186 1626 etiam
1232 1585 1338 1625 suo
1381 1583 1543 1625 more
1585 1559 1781 1638 ευθΰς
1826 1564 2076 1645 (statim)
2120 1563 2313 1670 πρός,
2358 1567 2475 1630 ἐπὶ
2517 1593 2579 1630 τι
2614 1577 2699 1628 etc.

436 1653 702 1714 (fixerint.
788 1652 934 1712 Vide
975 1648 1194 1710 Herod.
1239 1647 1390 1707 vm.
1438 1655 1543 1711 108
1584 1644 1809 1713 κλαίειν
1852 1648 2037 1722 ἰθέως
2072 1651 2171 1714 ἐπὶ
2212 1646 2325 1715 τὸν
2345 1645 2699 1756 Ἑλλήσπον·

431 1759 556 1798 τον.
621 1737 883 1814 Xenoph.
917 1737 1130 1838 Cyrop.
1161 1734 1238 1810 11,
1264 1741 1335 1809 4,
1364 1739 1440 1794 24
1476 1729 1823 1814 πορεύομαι
1858 1729 2055 1808 ευθιῗς
2094 1759 2249 1841 προς
2292 1761 2370 1798 τα
2424 1741 2701 1818 βασίλεια.

433 1818 559 1897 VH,
579 1829 635 1894 2,
661 1827 691 1878 1
736 1825 1006 1900 Κροῖσος
1047 1813 1246 1891 edoce
1287 1817 1386 1880 tut
1422 1817 1711 1895 Σαρδίων
1748 1817 1968 1922 ἔφευγε
1998 1825 2063 1879 et
2086 1827 2123 1881 2
2161 1814 2367 1894 ευθυς
2416 1822 2531 1885 ἐπὶ
2566 1819 2703 1901 Σάρ,

436 1907 562 1975 dene
605 1896 716 1983 ἦγε
765 1909 995 1982 Κυρος.
1063 1907 1134 1964 16
1184 1894 1378 1974 ειῖθυς
1417 1902 1481 1977 ἐξ
1524 1897 1713 1983 ἀρχῆς
1752 1900 2053 1983 πράττων.
2128 1905 2402 1981 Thucyd.
2454 1907 2583 1984 lv,
2624 1912 2707 1967 118

437 1982 631 2058 εὐθυς
671 1986 772 2050 ἐπὶ
810 1985 919 2065 τὴν
961 1986 1258 2067 γέφυραν.
1295 1987 1583 2048 Plutarch.
1630 1991 1706 2046 de
1750 1989 1969 2046 Musica
2008 2009 2068 2067 p.
2106 1995 2245 2050 1133
2286 1991 2360 2052 C.
2406 1993 2491 2050 de
2538 1994 2707 2051 modis

437 2070 830 2129 citharoedicis
889 2077 950 2128 et
1003 2072 1266 2146 rapsodis
1314 2071 1731 2148 antiquioribus
1786 2074 2189 2132 disserentem·
2246 2069 2323 2135 τὰ
2364 2099 2539 2154 προς
2585 2100 2708 2147 τους

437 2147 650 2226 θεους,
687 2147 768 2224 ὥς
807 2149 1162 2255 βουλονται,
1212 2147 1731 2231 ἀφοσιωσάμενοι,
1768 2157 2079 2237 ἐξέβαινον
2120 2151 2315 2231 ειῖθνς
2351 2159 2464 2223 ἐπί
2508 2186 2577 2224 τε
2614 2158 2707 2240 τὴν

433 2230 710 2315 Ὀμήρου
755 2238 857 2299 καὶ
897 2241 1018 2300 τοῖν
1063 2233 1261 2304 αλλων
1307 2240 1575 2315 ποίησιν.

606 2321 800 2398 Atque
843 2321 952 2381 alia
987 2322 1258 2380 adverbia
1294 2322 1523 2379 finalem
1562 2343 1725 2392 suam
1760 2323 2035 2401 litteram,
2066 2345 2175 2386 seu
2212 2351 2265 2406 ν,
2312 2347 2425 2385 seu
2458 2321 2523 2407 ἶς’,
2574 2329 2707 2426 apud

436 2412 637 2483 poetas
681 2408 912 2484 saepius
961 2406 1259 2482 abjiciunt,
1323 2406 1408 2463 sic
1448 2401 1737 2477 πολλάκις
1792 2415 1850 2465 et
1902 2410 2133 2468 omnino
2172 2411 2673 2487 multiplicativa
2662 2433 2706 2470 m

433 2517 530 2592 ”3⁹
573 2492 918 2565 desinentia,
959 2484 1238 2572 ἀτρέμας,
1281 2495 1341 2548 et
1375 2485 1563 2551 πάλιν
1607 2498 1665 2548 et
1708 2482 1918 2564 αὖθις.
1963 2511 2205 2568 quorum
2230 2497 2487 2554 duorum
2526 2505 2706 2576 poste·

433 2579 648 2636 riorum
691 2578 1038 2636 recentiores
1083 2577 1308 2634 demum
1349 2575 1661 2651 scriptores
1698 2574 1923 2633 finalem
1964 2577 2215 2636 litteram
2258 2580 2597 2640 omiserunt
2646 2581 2705 2642 cf

434 2661 584 2720 Lob.
627 2661 836 2736 Phryn.
881 2681 940 2738 p.
984 2666 1105 2723 284.
1155 2659 1461 2717 Wernicke
1505 2657 1825 2736 Tryphiod.
1867 2679 1926 2737 p.
1970 2664 2098 2723 417.
2143 2693 2229 2707 —
2310 2663 2445 2720 Sed
2492 2665 2563 2722 id
2614 2665 2705 2722 illis

436 2747 497 2802 in
533 2743 822 2802 adverbiis
867 2763 984 2800 non
1024 2743 1423 2800 Herodoteum
1464 2751 1589 2817 est,
1643 2762 1711 2802 ac
1752 2743 1897 2802 salso
1944 2744 2251 2804 nonnullos
2290 2746 2351 2803 in
2394 2745 2577 2806 locos
2610 2749 2705 2804 for-

437 2845 566 2884 mae
608 2824 862 2886 πολλοὶκι
895 2832 956 2884 et
997 2818 1224 2904 ἆτρέμα
1265 2831 1401 2884 sunt
1426 2827 1715 2898 invectae3
1758 2828 1844 2886 sic
1879 2827 1922 2886 l.
1952 2833 2025 2886 36
2064 2827 2321 2892 πολλάκι
2362 2829 2436 2892 δὲ
2484 2833 2559 2896 οἱ
2578 2837 2703 2894 Μο-

439 2910 538 2972 σοὶ
583 2932 640 2970 κ.
683 2933 736 2970 τ.
785 2913 836 2970 λ.
893 2909 1040 2968 male
1086 2909 1382 2986 vulgatum
1433 2917 1557 2988 est,
1610 2929 1787 2987 quum
1829 2910 2001 2970 codd.
2040 2914 2107 2970 S.
2140 2911 2213 2975 V.
2253 2912 2325 2975 F.
2361 2933 2425 2980 a.
2462 2936 2521 2975 c.
2569 2918 2627 2976 d.
2664 2934 2705 2978 e.

438 2987 722 3064 πολλάκις
763 2993 1149 3069 praebuerint.
1233 2993 1308 3052 11.
1352 2999 1388 3052 2
1428 2988 1683 3058 πολλάκι
1728 2993 2037 3074 φοιτέοντι
2081 2997 2227 3057 male
2260 2998 2421 3074 vulg.
2480 2993 2705 3064 πολλά.

438 3101 534 3150 κις
577 3077 644 3139 F.
680 3076 722 3133 f·
765 3077 830 3134 S.
869 3096 921 3136 a.
1004 3109 1069 3122 -
1153 3079 1221 3136 91
1265 3072 1523 3140 πολλάκι
1566 3103 1709 3156 μιν,
1780 3075 2041 3144 πολλάκι
2082 3079 2147 3144 δὲ
2184 3083 2370 3140 Bekk.
2421 3084 2565 3147 Gsf.
2607 3084 2707 3160 alii,

441 3161 546 3221 sed
582 3153 865 3234 πολλάκις
907 3161 1206 3238 utrobique
1249 3163 1416 3220 codd.
1456 3163 1531 3223 K.
1574 3165 1637 3221 S.
1680 3161 1749 3222 V.
1778 3163 1850 3228 F.
1937 3165 2159 3233 Quibus
2194 3167 2432 3243 quidem
2474 3170 2543 3228 in
2582 3170 2708 3228 locis

438 3248 562 3308 sine
607 3246 722 3306 ulla
761 3245 1136 3305 haesitatione
1174 3265 1208 3304 e
1261 3247 1555 3306 codicibus
1602 3248 1746 3308 Mss-
1788 3245 2077 3322 πολλάκις
2116 3252 2277 3310 unice
2318 3269 2531 3310 verum
2576 3255 2711 3312 reci-

438 3333 710 3409 piendum
748 3336 872 3406 est,
929 3336 994 3388 ut
1035 3328 1171 3386 alibi
1221 3337 1550 3390 constanter
1592 3340 1786 3392 noster
1833 3334 1980 3392 hanc
2024 3336 2361 3412 scripturam
2407 3340 2635 3397 tenuit:
2672 3337 2710 3394 1.

439 3417 510 3474 74
549 3409 839 3485 πολλάκις
851 3371 969 3476 ’.δὲ
1048 3412 1121 3476 Π.
1167 3420 1240 3474 20
1281 3411 1567 3486 πολλάκις
1610 3415 1690 3479 δὲ.
1768 3422 1875 3476 134
1918 3413 2207 3491 πολλάκις
2246 3439 2706 3496 κηρυσσοντων.

439 3499 574 3558 vide
628 3504 931 3574 praeterea
983 3496 1378 3558 111.74.160.
1451 3500 1545 3558 IV.
1590 3505 1643 3558 3.
1686 3505 1774 3562 78.
1823 3505 2103 3566 129.131.
2170 3504 2237 3564 V.
2280 3510 2409 3563 104.
2478 3506 2588 3566 VI.
2634 3509 2707 3564 19.

439 3585 561 3640 108.
602 3581 725 3640 VH.
766 3587 855 3641 46.
902 3586 1034 3642 134.
1063 3581 1793 3648 Vffl.102.129.1x.76.
1878 3585 1959 3645 Et
1994 3581 2209 3660 ὁσάκις
2248 3587 2296 3645 Ι.
2328 3592 2459 3652 198.
2510 3614 2710 3667 τετρα-

438 3687 537 3736 κις
574 3664 648 3724 ΙΙ.
685 3672 776 3727 20.
831 3665 980 3724 vm.
1026 3672 1130 3726 225
1178 3666 1307 3743 (nbi
1356 3669 1487 3728 cod.
1534 3669 1589 3730 b.
1628 3664 1913 3742 πολλάκις
1932 3709 1953 3743 ,
1984 3691 2101 3748 qua
2134 3674 2208 3730 de
2248 3673 2549 3733 varietate
2594 3675 2709 3732 vide

436 3750 713 3826 interppr.
740 3751 812 3808 ad
835 3751 1130 3810 Theocrit.
1154 3749 1227 3823 V,
1249 3751 1364 3827 57).
1389 3781 1478 3796 -
1510 3753 1697 3829 Atque
1738 3748 1995 3832 ἀτρέμας
2041 3775 2189 3814 nime
2224 3757 2460 3833 quidem
2508 3743 2709 3835 ubique

434 3838 592 3891 recte
645 3835 918 3912 scriptum
975 3835 1183 3908 legitur
1227 3832 1295 3892 V.
1338 3837 1422 3893 19.
1480 3835 1634 3895 VIII.
1680 3841 1764 3900 16.
1818 3835 1915 3896 ΙΧ.
1962 3845 2049 3900 53.
2088 3845 2180 3898 54.
2266 3839 2393 3898 Sed
2442 3839 2711 3900 Vm.14

433 3935 546 3992 pro
580 3937 730 3975 nunc
771 3920 1002 3993 vulgato
1049 3933 1175 3972 cum
1219 3917 1392 3984 codd.
1430 3920 1495 3980 S.
1524 3919 1591 3980 V.
1629 3914 1884 4002 ἀτρέμας
1913 3945 1973 3984 τε
2004 3919 2189 4002 εἶχον,
2226 3924 2512 3982 exhibent
2544 3927 2707 3984 codd

434 4000 518 4058 Μ.
559 3999 626 4059 Ρ.
663 3999 740 4063 K.
779 4000 849 4062 F.
891 3998 1037 4056 male
1077 3992 1303 4077 ἀτρέμα
1343 4019 1461 4058 ιιοιι
1496 4004 1901 4080 recipiendum.

607 4084 798 4151 Quum
858 4081 1318 4156 praepositiones
1375 4083 1439 4144 ἐκ
1496 4093 1552 4142 et
1608 4085 1670 4159 ἐξ
1720 4091 2034 4148 secundum
2089 4090 2387 4167 vulgarem
2450 4112 2711 4153 normam

434 4163 590 4236 apud
625 4169 885 4222 nostrum
923 4169 1214 4222 mutentur
1232 4203 1252 4238 2
1293 4171 1356 4222 et
1393 4165 1589 4247 παρὲκ
1628 4176 1689 4228 et
1728 4170 1916 4253 παρέξ
1963 4174 2022 4232 ἰιι
2060 4175 2273 4234 nostris
2316 4175 2579 4238 Homeri
2622 4197 2713 4238 ex·
