2784 4567
773 147 865 206 De
909 148 1152 207 dialecto
1187 147 1527 206 Herodotea
1563 149 1663 206 lib.
1703 149 1781 207 11.
2284 143 2409 210 123
2490 238 2499 250 l

86 313 314 372 rebus
355 319 706 391 spectatam,
749 315 1086 374 affinitatem
1123 314 1355 374 Ionicae
1401 323 1459 376 et
1500 316 1713 376 veteris
1758 315 1981 374 Atticae
2032 316 2259 376 dialecti
2302 335 2406 376 au·-

85 398 264 456 xilio
315 399 582 456 advocari
621 417 796 476 posse
837 401 894 458 in
937 401 1328 460 adscribenda.
1343 402 1543 459 lonico
1588 401 1807 460 cuidam
1848 401 2115 477 scriptori
2158 403 2405 477 quadam

89 483 425 560 scriptura
463 485 792 560 formaque,
847 505 968 544 non
1023 504 1199 562 posse
1238 486 1429 545 'valere
1472 487 1536 542 in
1572 486 1909 562 quaestione
1950 487 2025 550 de
2066 487 2225 542 varia
2262 487 2405 544 scri-

91 567 314 624 bendi
366 569 588 625 ratione
627 570 1068 645 praepositionis
1115 563 1230 630 cv'v
1269 576 1329 628 et
1371 565 1483 644 ξύν
1527 589 1839 646 vocumque
1884 589 2012 627 cum
2058 588 2126 626 ea
2168 589 2403 647 compo-

92 653 378 708 sitarum
417 652 797 725 instituenda,
849 673 981 711 meo
1035 655 1169 711 mihi
1205 656 1334 731 jure
1377 656 1725 713 contendere
1783 654 2001 716 videor.
2090 653 2212 710 Hac
2258 653 2403 712 enim'

95 737 168 794 in
225 756 307 794 re
347 734 547 796 Ionica
591 737 867 794 dialectus
915 738 1263 816 antiquiores
1317 744 1376 796 et
1427 740 1599 814 paulo
1658 739 1921 796 duriores
1966 737 2177 796 formas
2220 744 2403 796 matu-

89 822 240 877 rius
280 837 454 896 quam
483 819 676 879 Attica
705 841 830 878 cum
867 822 1214 880 mollioribus
1251 824 1519 894 mutavit3
1554 825 1710 900 quod
1752 823 1919 899 plane
1954 823 2241 881 consentit
2279 841 2405 880 cum

95 904 354 962 deliciis
397 905 746 981 mollitieque
787 908 1064 980 quadam,
1107 907 1348 965 celerius
1391 909 1561 965 vitam
1602 907 1825 965 illorum
1869 906 2061 964 Ionum
2102 905 2404 984 irrepenti-

94 990 224 1046 bus
304 1007 474 1064 quam
530 996 848 1047 ceterorum
891 991 1270 1058 Graecorum;
1335 1010 1505 1068 quam
1562 991 1873 1049 molliorem
1936 991 2107 1048 vitam
2152 995 2279 1048 toto
2339 991 2401 1046 in

93 1092 396 1132 sermone
452 1073 798 1150 dialectique
839 1074 1036 1132 habitu
1087 1095 1421 1151 expressam
1483 1077 1919 1153 deprehendere
1970 1075 2072 1132 tibi
2132 1074 2401 1132 videaris.
2456 1075 2463 1088 ¹

93 1155 452 1215 Molliorem
495 1159 671 1232 igitur
711 1159 954 1217 formam
997 1153 1140 1230 σύν,
1182 1159 1409 1236 abjecto
1451 1159 1495 1224 ἦ
1531 1157 1824 1234 initiali*),
1860 1159 1976 1235 jam
2018 1159 2233 1215 dudum
2271 1157 2399 1214 He-

92 1242 322 1298 rodoti
360 1242 640 1312 editores,
687 1262 1032 1320 quamquam
1067 1245 1354 1302 nonnullis
1404 1246 1463 1304 in
1505 1245 1649 1303 locis
1691 1245 1922 1322 quidam
1964 1243 2233 1315 codices,
2277 1259 2398 1300 ma—

95 1325 268 1382 xime
317 1325 548 1384 codices
589 1327 657 1385 F.
704 1334 762 1384 et
791 1328 877 1402 S.‚
912 1330 1150 1386 formam
1192 1323 1301 1401 ξύν
1344 1331 1727 1407 praebuerant
1768 1326 1875 1404 (cf.
1924 1327 2065 1387 Var.
2090 1323 2281 1384 Lectt.
2319 1325 2396 1382 ad

93 1408 150 1468 Ι.
196 1415 298 1468 32.
341 1415 430 1468 36.
475 1410 542 1469 V.
587 1415 674 1472 37.
717 1417 810 1472 84.
854 1412 949 1470 VI.
985 1417 1035 1471 9.
1071 1417 1155 1470 14.
1202 1419 1286 1472 18.
1315 1419 1405 1472 23.
1435 1421 1555 1475 103.
1603 1417 1723 1474 lm.
1764 1417 1886 1471 108.
1928 1415 2051 1470 109.
2096 1415 2222 1468 128.
2266 1407 2393 1471 VII.

97 1498 197 1552 60.
231 1498 332 1554 74.
379 1501 502 1581 120.
544 1501 666 1558 142.
707 1500 829 1557 178.
870 1497 1027 1560 VIII.
1060 1495 1192 1574 123)
1231 1497 1561 1576 plerumque
1598 1497 1995 1569 restituerunt,
2034 1497 2185 1552 unde
2226 1492 2394 1552 valde

97 1584 200 1634 est.
229 1580 742 1655 reprehendendus
768 1581 1132 1652 SchaeferuS,
1179 1583 1276 1656 qui
1309 1602 1416 1640 suo
1456 1603 1527 1641 ex
1568 1581 1803 1641 arbitrio
1834 1578 2133 1654 aliquoties
2156 1577 2393 1636 formam

99 1663 223 1736 ξυν
273 1664 559 1722 invexisse
601 1665 824 1722 videtur
869 1664 980 1742 (sic
1013 1665 1060 1723 Ι.
1095 1671 1168 1724 80
1199 1671 1569 1746 συρρηγνῦσι
1612 1666 1744 1723 edd.
1778 1668 1837 1719 et
1880 1663 2047 1725 codd.
2076 1663 2145 1718 F·
2174 1683 2252 1733 8ο,
2288 1661 2394 1718 sed

96 1747 354 1805 Schaef.
400 1749 792 1828 ξυρρηγνῦσι.
878 1749 1027 1808 Ibid.
1074 1744 1369 1828 ξυνήϊσαν
1410 1751 1640 1808 Schaef.
1684 1747 1857 1805 soluS.
1914 1774 2001 1790 ·-—
2062 1749 2129 1804 91
2178 1749 2393 1806 ovila·
2482 1819 2493 1828 ·

101 1827 242 1908 βῶν
299 1833 517 1908 vulgat.
573 1828 879 1913 ξυλλαβών
937 1833 1166 1895 Schaef.
1210 1833 1360 1911 —);
1387 1857 1392 1860 ·
1422 1853 1597 1912 quum
1652 1833 1949 1890 Bekkerus
2004 1835 2225 1888 tantum
2274 1845 2393 1886 non

101 1916 332 1996 ubique
374 1916 465 1974 vel
507 1918 696 1975 invitis
751 1918 1043 1976 codicibus
1089 1937 1203 1980 συν
1247 1924 1405 1976 recte
1458 1917 1811 1996 reposuerit,
1868 1915 2087 1991 aliquot
2138 1913 2391 1989 exceptis
2502 1983 2513 1995 ·

98 2001 428 2078 exemplis,
472 2021 619 2078 quae
657 2021 828 2079 quum
876 2005 1118 2064 maxime
1165 2003 1224 2060 in
1261 2003 1437 2062 verbo
1476 2001 1837 2082 συμμαχέειν
1879 2001 2117 2076 ejusque
2162 1999 2391 2055 deriva-

99 2085 178 2142 tis
230 2086 626 2162 inveniantur,
686 2086 889 2146 horum
927 2092 1150 2146 tantum
1183 2107 1457 2148 recensus
1502 2095 1567 2146 ut
1608 2088 1936 2146 exhibeatur
1975 2095 2213 2142 necesse
2256 2099 2389 2139 esse

99 2170 248 2227 mihi
297 2171 539 2229 videtur.
625 2171 706 2228 Et
747 2191 947 2230 omnes
998 2175 1225 2250 quidem
1283 2171 1412 2231 libri
1456 2173 1739 2252 praebent
1784 2167 2177 2248 συμμαχέειν,
2234 2185 2389 2245 συμ-

101 2255 324 2332 μαχίη,
375 2249 702 2333 σύμμαχος,
749 2258 1125 2336 συμμαχικός
1165 2258 1254 2314 his
1291 2259 1351 2315 in
1389 2258 1532 2317 locis
1574 2255 1624 2317 I.
1659 2261 1747 2316 53.
1786 2259 1877 2314 69.
1915 2258 2005 2313 70.
2045 2257 2261 2314 77.·81.
2292 2255 2383 2310 82.

100 2343 236 2396 102.
290 2344 413 2403 123.
478 2338 552 2396 II.
592 2343 713 2403 181.
777 2341 879 2400 III.
920 2347 1010 2401 31.
1055 2346 1174 2404 157.
1222 2346 1343 2399 160.
1401 2340 1500 2398 IV.
1543 2344 1630 2399 47.
1676 2347 1779 2399 120
1808 2341 1915 2397 biS.
1961 2343 2081 2396 125.
2128 2339 2249 2397 129.
2312 2333 2386 2392 V·

98 2426 192 2484 32.
243 2427 337 2481 38.
382 2427 470 2480 63.
509 2427 598 2480 65.
649 2427 740 2482 66.
785 2427 872 2487 73.
922 2429 1008 2484 75.
1047 2431 1138 2484 81.
1194 2429 1286 2482 91.
1328 2429 1420 2485 92.
1457 2429 1548 2482 93.
1592 2424 1679 2480 99.
1727 2425 1848 2484 103.
1932 2420 2031 2481 VI.
2076 2423 2129 2482 9.
2169 2425 2257 2480 15.
2297 2422 2387 2476 84.

97 2506 233 2569 VII.
283 2511 337 2567 6.
385 2507 507 2562 139.
557 2511 678 2563 148.
728 2510 846 2570 149.
909 2513 1030 2567 153.
1071 2511 1192 2566 157.
1236 2513 1359 2566 158.
1409 2511 1529 2568 160.
1578 2510 1704 2565 162.
1758 2509 1879 2566 174.
1922 2507 2045 2568 203.
2092 2507 2216 2565 205.
2260 2503 2386 2560 206.

96 2597 240 2649 220.
287 2595 416 2652 222.
507 2587 656 2652 VIII.
711 2596 766 2653 2.
823 2595 874 2650 3.
918 2597 971 2650 5.
1029 2595 1117 2650 19.
1177 2595 1265 2650 24.
1318 2593 1408 2650 27.
1452 2595 1541 2650 60.
1582 2593 1675 2651 62.
1728 2593 1817 2648 64.
1864 2591 1951 2650 65.
1994 2589 2084 2646 68.
2126 2587 2214 2646 69.
2262 2589 2384 2648 110.

249 2823 316 2889 *)
351 2822 680 2892 Quamquam
716 2822 854 2876 enim
898 2824 954 2875 in
1001 2822 1234 2892 antiquis
1266 2821 1565 2876 Atticorum
1612 2835 1669 2876 et
1702 2825 1933 2876 fortasse
1967 2824 2129 2877 etiam
2166 2821 2383 2876 Aeolum

101 2891 548 2960 inscriptionibus
582 2893 708 2944 illae
743 2894 954 2946 litterae
998 2892 1028 2956 ξ
1065 2899 1122 2944 et
1163 2902 1204 2958 ψ
1244 2893 1300 2944 in
1333 2908 1403 2961 χσ
1436 2900 1493 2946 et
1526 2910 1602 2959 φσ
1649 2893 1937 2950 dissolutae
1986 2892 2383 2958 conspiciuntur

101 2960 207 3023 (cf.
245 2961 452 3014 Buttm.
488 2977 571 3030 gr.
654 2980 695 3014 r.
737 2963 778 3030 Ι,
809 2981 862 3032 p.
889 2961 976 3017 87.
1013 2961 1295 3016 Thiersch.
1337 2982 1388 3032 p.
1426 2963 1499 3016 20
1532 2971 1586 3016 et
1623 2963 1693 3018 56
1727 2962 1835 3024 (ed.
1877 2967 2054 3030 tert.).
2090 2963 2277 3028 Giese,
2310 2960 2381 3015 de

105 3027 230 3083 dial.
274 3030 425 3082 Aeol.
463 3047 520 3098 p.
559 2980 685 3098 102)
708 3033 817 3099 jam
855 3030 1058 3100 pridem
1096 3033 1162 3083 ab
1203 3031 1420 3083 Ionibus
1460 3049 1561 3084 una
1609 3034 1707 3084 sub
1745 3031 1911 3084 forma
1946 3037 2381 3102 repraesentatae

105 3099 204 3160 (cf.
233 3098 384 3151 Suid.
425 3116 470 3151 s.
496 3115 547 3150 v·
583 3099 818 3164 Σαμίων
853 3097 884 3153 ὁ
926 3099 1131 3168 δῆμος)
1167 3108 1336 3152 tamen
1375 3101 1767 3168 antiquioribus
1792 3101 1985 3152 Atticis
2022 3107 2229 3154 tantum
2260 3099 2379 3150 illas

102 3167 374 3234 aspiratus
395 3169 566 3220 fuisse
592 3170 834 3237 proprias
861 3171 1016 3236 duco,
1051 3169 1330 3238 lenesque,
1351 3177 1496 3222 certe
1516 3185 1673 3238 quum
1696 3164 1797 3221 σὺν
1810 3187 1905 3238 pro
1922 3165 2023 3232 ξὺν
2034 3167 2381 3240 pronuntiare

105 3233 444 3304 inceperunt,
493 3238 700 3304 pariter
735 3245 796 3290 ut
832 3238 1056 3306 Aeolon,
1092 3253 1158 3290 κσ
1194 3246 1250 3292 et
1287 3253 1364 3290 πσ
1401 3238 1687 3296 audivisse.
1753 3239 1825 3291 of.
1861 3239 2028 3305 (ἔτος.
2068 3239 2193 3291 Cor.
2233 3237 2285 3287 d.
2323 3237 2377 3292 d.

105 3303 252 3358 Aeol.
292 3325 344 3374 p.
395 3303 498 3357 613
535 3314 588 3357 et
625 3325 678 3374 p.
714 3305 834 3360 598.
897 3309 1188 3358 Grammat.
1227 3307 1447 3362 Meerm.
1486 3325 1540 3375 p.
1572 3309 1695 3364 661.
1754 3305 1951 3361 Anecd.
1992 3305 2159 3359 Bekk.
2198 3305 2280 3370 11,
2319 3323 2373 3374 p.

105 3370 227 3426 815.
289 3374 468 3430 Maitt.
503 3375 724 3441 (Stura)
757 3393 812 3444 p.
849 3377 956 3428 200
987 3392 1070 3443 sq.
1107 3403 1174 3414 -—-
1245 3375 1403 3428 Haud
1439 3376 1649 3444 quidem
1686 3375 1904 3444 ignoro,
1940 3375 2151 3428 eosdem
2186 3373 2378 3426 Aeoles

109 3439 220 3494 aliis
270 3442 324 3494 in
375 3443 596 3495 vocibus
631 3458 695 3494 σκ
731 3453 786 3498 et
821 3459 896 3496 απ
933 3444 1305 3512 pronuntiasse
1352 3444 1455 3509 (cf.
1494 3445 1660 3512 Greg.
1700 3447 1832 3500 Cor.
1869 3444 1921 3496 d.
1960 3445 2011 3501 d.
2051 3442 2201 3496 Aeol.
2237 3445 2271 3508 5
2306 3443 2377 3496 23

109 3525 159 3576 p.
200 3511 305 3565 598
351 3509 736 3578 πλανηθέντες
786 3507 851 3564 δὲ
896 3509 1044 3565 κατὰ
1095 3509 1200 3578 τὴν
1259 3513 1364 3577 (sic
1402 3513 1600 3580 optime
1634 3513 1867 3565 correxit
1901 3511 2262 3581 Hermannus,
2308 3513 2376 3564 de

109 3583 430 3633 emendanda
467 3597 520 3648 p.
561 3581 658 3645 55)
709 3577 1016 3648 προφοραίν
1064 3577 1284 3648 λέγουσι
1333 3578 1437 3633 τὸν
1472 3576 1639 3647 ζυγὸν
1676 3577 1915 3650 σδυγὸν,
1969 3580 2069 3634 καὶ
2102 3579 2168 3634 τὸ
2210 3580 2375 3646 ξίφος

108 3647 330 3716 culmos,
381 3649 478 3702 καὶ
513 3647 579 3702 τὸ
617 3643 877 3717 ψέλλιον,
916 3647 1201 3716 στέλλων)
1245 3658 1300 3702 et
1343 3651 1597 3718 quosdam
1636 3650 1770 3702 hanc
1806 3652 1873 3702 ad
1909 3651 2225 3719 scripturam
2261 3653 2374 3700 for-

107 3729 210 3770 mas
242 3736 426 3772 vocum
465 3716 570 3770 κὺν
602 3725 660 3770 et
695 3715 890 3778 κοινὸς
922 3736 1242 3785 revocasse,
1284 3726 1348 3771 ut
1379 3719 1542 3772 facile
1576 3735 1745 3787 neque
1784 3720 1934 3772 Iones
1974 3721 2185 3788 quidem
2222 3735 2254 3768 κ
2290 3717 2374 3768 in-

110 3781 252 3838 itiale
287 3789 550 3854 abjecisse
571 3826 586 3854 ‚
631 3786 722 3838 sed
758 3791 792 3838 5
825 3787 1030 3839 initiale
1063 3795 1264 3842 tantum
1299 3789 1585 3840 retinuisse
1620 3788 1720 3840 tibi
1758 3789 2079 3858 persuadere
2114 3785 2371 3848 videaris,

110 3857 271 3906 tamen
309 3858 376 3910 ad
401 3857 554 3908 Iones
593 3855 725 3909 nihil
761 3857 892 3907 hanc
930 3855 1146 3908 dialecti
1167 3857 1415 3908 Aeolicae
1458 3857 1814 3909 diversitatem
1847 3859 2168 3924 pertinuisse
2202 3849 2369 3904 ausim

108 3926 456 3994 contendere,
495 3925 582 3994 qui
618 3925 812 3976 Atticis
853 3923 1019 3993 magis
1056 3932 1437 3993 congruenter,
1478 3925 1580 3976 nisi
1618 3927 1754 3993 quod
1792 3926 2059 3994 aspiratae
2094 3924 2150 3974 in
2182 3930 2369 4000 tenues

111 4003 198 4042 suo
249 3995 314 4047 de
360 4013 502 4048 more
555 3999 850 4058 mutarunt,
898 4010 966 4045 κσ
1015 4001 1069 4046 et
1103 4009 1180 4045 πσ
1217 3992 1662 4063 pronuntiabant3
1711 4011 1873 4062 quare
1910 4011 1975 4045 ex
2017 3992 2137 4044 istis
2172 3989 2369 4040 litteris

109 4067 338 4126 στοιχεῖα
383 4063 414 4128 ξ
466 4070 522 4115 et
565 4071 612 4127 ψ
658 4061 992 4114 concrevisse
1037 4058 1176 4115 nude
1211 4080 1274 4115 ac
1310 4062 1625 4130 simpliciter
1667 4062 2002 4115 tradiderunt
2037 4059 2259 4124 Dionys.
2302 4055 2369 4108 de

110 4123 475 4252 crempgerb.
515 4131 604 4250 1ss
622 4151 672 4200 p.
701 4131 804 4188 167
827 4132 1122 4251 (goliad.)
1161 4133 1314 4186 Sext.
1344 4131 1598 4200 Empiric.
1638 4131 1847 4182 advers.
1876 4125 2046 4178 Metti.
2083 4125 2129 4190 Ι,
2167 4127 2218 4190 5,
2246 4124 2365 4180 103.
2432 4152 2446 4166 .

111 4209 136 4242 0
162 4202 260 4252 .'et
339 4202 512 4254 ristot.
606 4206 708 4253 oet.
747 4220 795 4254 c.
906 4241 919 4254 .
