2784 4567
315 91 456 198 ’188
957 137 1046 196 De
1089 139 1334 198 dialecto
1365 137 1705 196 Herodotea
1744 135 1845 196 lib.
1890 135 1965 198 11.

327 303 548 363 accedit
601 305 756 407 quod
799 304 1060 364 Eustath.
1101 307 1182 364 ad
1223 303 1393 363 Hom.
1440 303 1500 360 11.
1544 298 1593 376 ξ’
1634 323 1695 380 Ρ.
1744 308 1851 364 980
1890 330 1979 358 =--.
2020 307 2127 362 970
2178 301 2350 362 etiam
2394 304 2509 362 ino
2554 305 2627 362 in

327 389 670 464 significatu,
713 381 1048 460 ἀπόπατος,
1105 389 1344 446 formam
1387 378 1683 490 ειῗμᾶρεια
1721 389 1984 463 agnoscit
2026 391 2059 457 s
2064 382 2213 450 σθεν
2252 388 2363 449 καὶ
2408 381 2629 464 svani-

329 495 465 546 ρεια
511 469 664 532 κατὰ
705 497 854 546 τους
899 468 1200 543 maincove
1249 464 1290 550 ἦ
1335 465 1639 574 ευχέρεεα,
1704 467 1751 549 ἦ
1796 468 2095 574 ῥᾳστώνη.
2168 465 2315 533 ’Ἰωι
2300 495 2383 543 ες
2428 471 2503 534 δὲ
2547 471 2625 534 τὸ

325 557 474 636 περί
515 579 650 616 τινα
695 562 817 620 τῶν
859 552 1206 662 ἀναγκαίων
1249 570 1346 638 τῳ
1379 551 1609 631 σώματι
1652 556 1973 632 ἔκκρίσεων
2015 549 2473 653 ἆσχοληθῆναι,
2516 550 2621 618 οἷ-

329 662 402 703 ον
449 634 713 718 ουρῆσαι
749 642 1000 720 (φασίν)
1043 637 1086 719 ἢ
1123 637 1527 717 cinomanicae,
1572 631 1877 718 ευχέρειαν
1915 640 2050 716 (sed
2096 633 2415 719 ευμέρειαν
2464 643 2621 698 scri-

327 725 574 783 bendum
619 733 888 806 apparet)
932 724 1240 802 ἐκάλουν.)
1279 733 1338 782 et
1384 725 2243 825 Etym01.Mag.s.v.ov⁶toe
2286 727 2441 783 duas
2480 732 2623 782 tan-

325 815 441 868 tum
485 809 652 888 hujus
695 811 939 870 nominis
983 812 1194 869 formas
1235 810 1425 867 attulit
1470 799 1759 886 ευμᾶρεια
1790 815 1849 866 et
1876 800 2235 902 εὐμοιρία-
2194 841 2283 852 —-·
2319 809 2618 866 Adsentio

325 893 502 970 igitur
545 896 616 951 iis
633 895 976 988 —editoribus
1018 897 1116 972 qui
1153 895 1374 952 illorum
1416 913 1617 950 vocum
1662 894 2113 952 terminationem
2151 922 2217 973 εη
2262 893 2619 985 omis—erunt,

327 978 431 1034 sed
475 996 590 1036 nou
633 976 700 1058 ⁸72
738 984 838 1038 aut
876 990 984 1059 ηϊη
1027 980 1104 1038 illi
1147 979 1522 1049 substituam,
1564 978 1668 1034 sed
1710 976 1894 1036 solum
1936 975 2487 1035 Herodoteum—
2382 1001 2511 1053 ειη,
2556 985 2621 1034 ut

329 1052 620 1142 εὐμαρείῃ
664 1069 724 1122 et
769 1057 1128 1146 ευμαρείην.
1171 1056 1481 1141 ευμενείη,
1520 1051 1815 1163 εὐτελείην
1858 1061 2141 1120 servanda
2184 1062 2322 1119 siut.
2417 1063 2613 1120 Etiam

327 1145 978 1249 Heind.P1at.Protag.
1020 1169 1076 1225 p.
1109 1153 1213 1206 321
1251 1147 1319 1204 Α.
1367 1154 1523 1204 recte
1566 1165 1673 1222 pro
1718 1137 2010 1221 ευμαρέαν
2052 1145 2185 1202 olim
2221 1145 2473 1220 vulgato
2520 1165 2615 1204 re-

325 1229 522 1306 posuit
563 1223 907 1310 εὐμάρειαν,
949 1233 1043 1288 ubi
1087 1234 1220 1289 vide
1265 1229 1378 1288 alia
1410 1229 1667 1310 exempla
1698 1230 1771 1286 ab
1800 1230 2001 1286 eodem
2036 1229 2375 1287 Heindorfio
2404 1231 2609 1288 allata.

327 1343 417 1356 ·--
459 1312 644 1372 Etiam
683 1334 792 1391 pro
835 1313 1124 1392 Δεκελέης
1164 1333 1316 1372 nuuc
1359 1301 1593 1390 vngato
1636 1325 1769 1370 cum
1807 1315 1936 1370 cod.
1973 1315 2038 1371 S.
2076 1317 2159 1390 (9,
2198 1314 2293 1389 15)
2336 1315 2399 1370 id
2444 1317 2609 1390 quod

327 1397 500 1453 codd.
541 1399 618 1460 F.
662 1418 712 1456 c.
755 1405 815 1457 et
851 1401 987 1458 edd.
1037 1405 1176 1460 vett.
1211 1397 1599 1476 praebuerunt
1643 1399 1958 1475 Δεκελείης
1998 1399 2197 1474 reponi
2239 1398 2413 1455 velim
2466 1399 2610 1472 (Δι-

325 1482 559 1559 κελείης
601 1501 652 1540 a.
698 1485 986 1563 Δεκελίης
1029 1485 1138 1560 (1.),
1183 1491 1246 1540 ut
1288 1483 1382 1540 IX.
1426 1486 1497 1542 ’13
1538 1483 1855 1560 Δεκελείης
1894 1490 1954 1539 et
1998 1483 2445 1555 Δεκελειῆθεν,
2490 1502 2611 1540 non

327 1565 485 1642 quod
524 1566 782 1626 Koeuius
823 1589 929 1646 pro
976 1572 1324 1644 Δεκελῆθεν
1365 1567 1497 1624 oiim
1538 1566 1768 1642 vulgato
1812 1563 1904 1643 (δὲ
1955 1570 2270 1644 Κεκλῆθεν
2312 1568 2415 1643 ΕΙ·)
2462 1586 2609 1643 Pm'

325 1652 524 1726 posuit
580 1656 974 1732 Δεκελεῆθεν.
1058 1654 1208 1712 Vide
1263 1652 1484 1710 Sinten.
1538 1649 1688 1708 Plut.
1737 1650 2023 1712 Themist.
2078 1671 2137 1726 Ρ.
2188 1656 2307 1709 102.
2390 1651 2609 1728 Steph.

325 1733 466 1809 Byz.
527 1756 574 1794 s.
617 1755 674 1800 v,
755 1740 936 1797 Bekk.
984 1737 1399 1812 Anecd.1,p.
1446 1741 1591 1808 234,
1634 1738 1725 1794 27.
1784 1754 1844 1809 Ρ.
1889 1741 2028 1808 240,
2072 1741 2159 1794 25.
2222 1734 2391 1792 Suid.
2448 1755 2505 1792 ε.
2551 1754 2603 1792 v.

329 1816 406 1874 Et
445 1820 673 1879 disertis
722 1824 914 1881 verbis
969 1824 1158 1881 forma
1208 1824 1615 1897 Δεκελειῆθεν
1650 1821 1709 1876 in
1751 1819 1940 1876 Bekk.
1982 1819 2195 1877 Anecd.
2239 1819 2328 1893 11,
2384 1840 2446 1896 Ρ.
2494 1823 2602 1878 601

325 1901 592 1961 tribuitur
622 1906 852 1966 Ionibus
891 1907 982 1983 (ut
1019 1910 1417 2008 Δεκελειᾷθεν
1454 1905 1610 1979 apud
1642 1903 1843 1978 Steph.
1872 1903 1993 1978 Byz
2043 1923 2091 1961 s.
2130 1900 2215 1977 v.)
2250 1921 2607 1980 quamquam

326 1985 446 2042 iota
487 1987 624 2044 iliud
673 2009 790 2048 nou
847 1985 1136 2071 περισσῦν
1183 1999 1302 2060 est,
1367 1996 1429 2045 ut
1472 1988 1681 2044 ibidem
1731 1986 1841 2062 (ΙΙ,
1880 2006 1938 2064 Ρ.
1980 1992 2118 2062 601,
2158 1990 2257 2061 30)
2308 1987 2365 2044 Γ
2370 1987 2605 2063 typhon

328 2073 727 2142 grammaticus
780 2076 1074 2133 contendit
1125 2074 1227 2152 (cf.
1276 2074 1469 2132 Herm.
1520 2070 1711 2130 Praef.
1769 2071 1967 2145 Antig.
2018 2091 2076 2149 p·
2120 2075 2187 2131 16
2226 2071 2344 2138 (ed.
2392 2077 2534 2128 tert.
2536 2075 2601 2148 ))

327 2146 714 2214 Δεκελειόθεν
752 2157 938 2215 Attice
975 2158 1150 2216 habet
1175 2155 1382 2232 Lysias
1427 2177 1486 2233 p.
1538 2160 1657 2227 166,
1696 2160 1783 2213 35.
1826 2159 1914 2214 37.
1999 2155 2117 2214 Sed
2158 2156 2398 2212 tradidit
2424 2153 2599 2213 Eust.

325 2235 401 2291 ad
448 2236 612 2294 Hom.
659 2238 720 2298 ΙΙ.
766 2259 822 2316 Ρ.
852 2241 1070 2302 302τε--
1015 2245 1210 2300 -228
1251 2239 1570 2318 Μαντινέη
1601 2239 1789 2298 [onice
1833 2241 2043 2297 dictum
2089 2259 2219 2298 esse
2260 2257 2369 2315 pro
2411 2242 2603 2300 Μαν-

325 2319 544 2393 τίνεια,
605 2328 664 2380 et
713 2331 898 2385 exstat
939 2326 1092 2403 apud
1131 2325 1346 2384 Herod.
1395 2325 1487 2382 IV.
1547 2327 1647 2382 161
1706 2324 1969 2384 omnibus
2010 2324 2070 2381 in
2113 2323 2271 2380 libris
2312 2323 2599 2401 scriptum

327 2401 395 2466 ἐκ
439 2405 825 2487 Μαντινέης·
869 2417 927 2471 et
971 2412 1044 2470 Π.
1087 2415 1150 2470 18
1195 2408 1263 2471 lx
1305 2409 1565 2487 Μαρέης
1610 2427 1714 2484 pro
1746 2409 2041 2485 Μαρείης
2085 2409 2157 2466 cf.
2190 2407 2401 2482 Steph.
2444 2408 2595 2482 Byz.

327 2507 376 2546 ⁸
419 2509 470 2551 v.
527 2489 802 2572 Μαρεια;
848 2504 908 2555 et
937 2497 1075 2555 illud
1117 2492 1374 2573 Μαρέης
1410 2493 1639 2570 repetiit
1669 2492 1906 2586 Orige-r-i.
1948 2500 2058 2550 etr.
2090 2491 2243 2550 Cels.
2274 2491 2347 2561 V,
2374 2511 2435 2567 Ρ.
2468 2497 2594 2554 254.

323 2605 412 2620 -
452 2576 596 2636 Aliis
637 2581 694 2636 in
753 2581 1073 2640 nominibus
1115 2580 1545 2640 terminationes
1590 2599 1683 2640 εια
1722 2585 1791 2632 et
1832 2597 1901 2638 εα
1930 2595 2057 2634 non
2099 2595 2133 2634 e
2174 2576 2403 2633 diversa
2464 2576 2597 2634 dia·

323 2659 452 2718 lecti
503 2666 726 2722 ratione
769 2667 1072 2735 differunt,
1125 2681 1465 2740 quamquam
1504 2661 1615 2719 alia
1662 2661 1785 2722 aliis
1823 2661 2195 2737 scriptoribus
2232 2659 2415 2733 magis
2462 2660 2596 2736 pia-

325 2746 509 2802 cuisse
555 2748 813 2821 videtur,
877 2756 940 2806 ut
986 2749 1200 2824 Μαλέη
1241 2755 1303 2805 et
1354 2745 1599 2807 Μαλέαι
1640 2745 1863 2806 Herod.
1906 2746 1976 2821 (1.
2014 2749 2103 2804 82.
2148 2745 2243 2802 lv.
2288 2745 2411 2804 179.
2454 2744 2593 2806 VII.

327 2822 456 2905 168)
498 2827 778 2907 Interppr.
796 2793 1027 2906 Steph.
1065 2831 1206 2905 Byz.
1235 2849 1284 2892 s.
1315 2849 1367 2892 v,
1432 2825 1675 2892 Μάλεια
1716 2835 1774 2887 et
1818 2829 2084 2891 Μάλειαι
2131 2829 2303 2886 Hom·
2340 2827 2459 2888 alii.
2504 2860 2597 2872 —

325 2907 538 2966 Thom.
586 2911 739 2988 Mag.
780 2934 840 2989 Ρ.
885 2919 1030 2987 218,
1080 2921 1148 2972 12
1189 2912 1292 2976 καὶ
1345 2915 1635 2993 Κεγχρεαὶ
1676 2913 1773 2976 καὶ
1822 2915 2154 2994 Κεγχρειαί.
2229 2909 2597 2984 Λουκιανὸς

321 2989 391 3054 ἐν
433 2997 520 3096 τῷ
530 2995 694 3096 περὶ
736 2998 867 3069 τοῦ,
909 3001 1042 3069 πῶς
1081 2999 1176 3059 δεῖ
1208 2998 1483 3075 ἱστορίαν
1510 2993 1959 3081 συγγράφειν(
1936 2997 2104 3070 (929.
2136 2993 2262 3054 vol.
2289 2994 2364 3065 ΙΙ,
2398 3014 2461 3098 Ρ.
2492 3001 2593 3066 38)

324 3066 465 3136 0230‘
517 3100 654 3157 αχρι
700 3083 1015 3160 Κεγχρεῶν
1057 3073 1481 3159 ἀποδημήσας.
1556 3083 1659 3145 καὶ
1711 3084 2089 3160 Θουκυδίδης
2144 3078 2211 3141 ἐν
2268 3081 2343 3159 τῇ
2386 3072 2588 3164 ὀγδόῃ

323 3154 409 3238 (c.
456 3166 549 3234 23)
599 3162 798 3228 πλέων
847 3164 914 3226 ἐκ
957 3167 1092 3228 τῶν
1129 3171 1492 3246 Κεγχρειῶν.
1579 3168 1728 3225 Vide
1771 3174 1831 3224 et
1871 3167 2033 3223 Suid.
2084 3185 2135 3224 s.
2171 3184 2227 3220 v.
2273 3167 2587 3241 Κεγχρεαί.

319 3243 402 3302 Et
441 3246 528 3305 sic
569 3247 1207 3328 Xenoph.He11.V11‚
1253 3257 1306 3324 l,
1349 3256 1417 3309 41
1456 3248 1611 3329 νπὲρ
1652 3255 1987 3329 Κεγχρεῶν.
2051 3249 2326 3323 Polyaen.
2366 3246 2487 3318 lv,
2535 3253 2591 3322 7,

321 3334 357 3390 3
393 3334 688 3412 Κεγχρεάς
735 3341 794 3393 et
821 3333 1004 3411 V1,5,
1033 3342 1084 3393 1
1170 3336 1290 3394 Sed
1335 3334 1601 3411 Thucyd.
1648 3335 1804 3409 VIII,
1832 3342 1902 3393 10
1951 3335 2282 3415 Κεγχρειῶν
2324 3336 2387 3388 et
2425 3331 2593 3408 VIII,

322 3419 394 3470 20
450 3415 510 3486 ἐς
556 3411 884 3496 Κεγχρειάς
941 3430 1002 3478 et
1054 3425 1126 3479 23
1175 3423 1533 3500 Κεγχρειῶν.
1616 3421 1865 3478 Pausan.
1918 3418 2000 3495 11,
2055 3440 2115 3496 Ρ.
2150 3421 2225 3476 88
2266 3415 2477 3488 (Sylb·)
2522 3416 2591 3489 ἐς

324 3500 652 3660 Κεγχρείας
697 3507 756 3559 et
797 3501 862 3564 ἐν
908 3500 972 3566 δὲ
1020 3505 1370 3588 Κεγχρειαις
1418 3504 1551 3582 (sed
1591 3505 1781 3564 scribe
1824 3498 2152 3585 Κεγχρειάς
2196 3505 2253 3558 et
2300 3503 2593 3581 Κεγχρει-

321 3604 415 3654 αις
501 3615 588 3626 --

489 3667 846 3728 Terminatio
888 3674 1174 3732 autem*
1122 3699 1188 3752 ιη
1233 3693 1341 3752 pro
1389 3693 1516 3746 ειη,
1574 3673 1802 3750 saepius
1838 3671 2024 3730 adhuc
2065 3668 2281 3728 nostris
2321 3669 2379 3724 in
2423 3667 2595 3728 libris

319 3752 662 3828 conspicua,
721 3754 834 3814 isto
875 3756 1214 3816 Herodoteo
1269 3763 1531 3834 tempore
1586 3758 1777 3834 poetis
1832 3760 2055 3814 tautum
2102 3759 2229 3813 erat
2282 3769 2591 3830 concessa,

317 3855 504 3912 neque
563 3857 690 3898 mea
747 3841 980 3916 quidem
1029 3861 1064 3900 e
1105 3841 1388 3900 sententia
1444 3839 1561 3898 ullo
1604 3842 1780 3898 modo
1824 3841 1979 3917 apud
2022 3844 2279 3898 nostrum
2318 3835 2589 3916 ferenda,

317 3921 390 3977 cf.
442 3921 726 4000 Interppr.
764 3924 952 4023 Greg
996 3926 1132 3981 Cor.
1181 3926 1240 3980 d.
1291 3923 1350 3985 d.
1403 3923 1575 3984 Attio.
1632 3944 1690 4000 p.
1734 3930 1822 3984 55.
1884 3923 2175 4000 Interppr.
2218 3921 2378 3978 Suid.
2431 3939 2483 3978 s.
2526 3941 2589 3988 v.

317 3995 558 4073 ἆμέλεια
595 4005 698 4065 καὶ
739 3998 988 4082 ἆμελία,
1035 3999 1349 4084 αμφότερα
1385 4000 1728 4084 Ἑλληνικά.
1779 4040 1849 4050 ·-
1908 4007 2176 4066 Schneid.
2209 4004 2351 4064 Plat.
2398 4005 2589 4082 Resp.

317 4083 2585 4167 1V,p447c1p2011‚p36⁵V,p..461131X‚p.59oA

315 4165 401 4239 X,
441 4187 499 4242 p.
550 4173 656 4225 618
704 4170 772 4225 Β.
845 4201 932 4214 --
1002 4169 1274 4229 Tradidit
1325 4173 1563 4246 quidem
1614 4173 1811 4230 Schol.
1868 4173 1949 4230 ad
1998 4175 2081 4230 Su
2068 4174 2183 4250 ph.
2228 4174 2437 4233 Electr.
2475 4177 2595 4234 996

2779 355 2784 454 ⁴
