2784 4567
662 138 671 152 ἱ
792 169 880 233 De
918 171 1163 232 dialecto
1204 152 1542 232 Hel-odotea
1577 157 1679 233 lib}
1721 171 1826 234 111.
1904 235 1911 241 ,
2328 165 2456 234 233

350 338 441 397 Ac
486 355 695 397 nomen
736 331 769 401 ὅ
816 339 989 412 εἴλαις
1032 341 1140 398 sub
1190 341 1370 398 altera
1421 341 1590 398 etiam
1649 341 1844 417 specie
1883 333 2168 400 invenitur
2212 335 2459 422 εἱλῶτης

158 423 383 502 (foem-
450 424 679 496 εῖλωτίς
734 423 883 482 Plut.
934 424 1146 499 Agesil.
1198 422 1281 500 3.)
1334 427 1494 502 cujus
1531 423 1870 510 posterioris
1909 425 2126 484 formae
2167 426 2458 501 genitivus

156 509 421 566 maxime
461 508 695 584 pluralis
742 506 1045 566 Herodoto
1080 509 1365 567 familiaris
1413 509 1590 566 fuisse
1642 505 1902 581 videtur,
1967 511 2051 567 sic
2090 509 2188 570 vl.
2225 516 2296 568 58
2335 512 2460 568 sine

158 593 383 650 variet.
420 591 711 653 εἱλωτέων
748 594 1023 670 scriptu-m
1078 600 1283 666 exstat,
1328 599 1391 650 ut
1423 599 1727 670 praeterea
1749 591 2462 658 V1.75.80.1X.28.ao.

162 668 345 739 Unus
386 676 482 733 ille
529 675 722 751 locus,
773 677 869 734 ubi
912 673 1167 737 εἰλώτων
1208 678 1381 750 vulgo
1423 677 1668 752 legitur,
1723 676 1824 733 lx.
1868 685 1938 735 10
1981 683 2141 734 recte
2179 695 2215 734 a
2251 677 2436 734 Bekk.
2419 714 2464 750 .,

164 768 241 817 ut
286 760 513 838 spurius
532 799 551 834 ‚
596 762 755 818 uncis
798 761 1055 819 seclusus
1098 768 1208 820 est.
1294 762 1626 836 Eademque
1667 779 1792 819 cum
1823 761 2158 819 constantia
2199 761 2257 818 in
2293 779 2464 818 accu-

166 845 383 900 sativis
416 844 595 903 habes
636 841 737 908 τὸν
778 845 991 906 sileam
1036 844 1159 907 VII.
1204 847 1327 903 229.
1399 839 1544 916 τούς
1588 844 1830 916 εἵλωτας
1877 845 1972 903 VI.
2013 851 2104 904 81.
2174 843 2326 900 VIII.
2369 849 2460 906 25.
2535 868 2545 876 ·

170 928 283 984 lx.
324 933 415 992 80,
473 936 533 985 et
564 929 622 986 in
662 923 933 989 nominat.
975 930 1122 1006 plur.
1166 933 1226 990 οἱ
1271 928 1646 1000 situnne-IX.
1685 935 1774 988 80.
1817 935 1908 992 85.
1953 961 2038 980 ·-··-
2105 929 2229 987 Nec
2269 933 2463 986 nmen

164 1013 461 1090 probatur
500 1012 637 1070 mihi
676 1012 953 1070 Lobeckii
996 1014 1143 1070 ratio
1184 1013 1283 1087 (ad
1328 1013 1544 1070 Buttm.
1587 1011 1664 1087 ΙΙ,
1708 1034 1766 1091 p.
1811 1015 1916 1071 337
1958 1008 2080 1092 sq.)
2124 1013 2250 1070 illos
2295 1013 2463 1087 geni-

164 1095 331 1154 tivos
371 1094 661 1156 εἱλωτέων
684 1097 773 1154 ‘ad
818 1097 1041 1154 tertiam
1084 1097 1540 1172 declinationem,
1585 1097 1822 1160 {lonice
1861 1099 2102 1169 inserta,
2139 1096 2462 1169 referentis,

174 1180 325 1256 qnia
376 1181 757 1239 nominativus
818 1178 1065 1258 εἷλαίτης
1128 1182 1281 1256 apud
1338 1187 1603 1239 nostrum
1657 1199 1771 1238 non
1829 1179 2165 1238 inveniatur.
2258 1179 2326 1236 Si
2379 1179 2462 1236 ita

170 1266 543 1338 essen-sine
588 1265 701 1322 ulla
742 1265 1097 1322 dubitatione
1136 1260 1654 1342 ubique-staaimv
1699 1281 2059 1342 reponerem,
2103 1266 2316 1340 quippe
2359 1263 2456 1338 qui

172 1348 411 1404 omnino
457 1365 659 1424 negem
700 1347 847 1407 hanc
882 1357 985 1407 aut
1024 1348 1213 1406 ullam'
1236 1350 1405 1407 aliam
1453 1345 1486 1411 ’ἐ
1531 1348 1856 1407 insci-tivum
1898 1365 2026 1405 esse
2066 1348 2458 1406 Herodoteam

172 1427 287 1505 (cf.
310 1431 459 1489 infra
490 1451 551 1508 p.
572 1439 677 1491 235
702 1451 811 1510 sq.·
828 1439 887 1491 et
902 1433 1035 1510 253)
1070 1451 1249 1509 quare
1284 1441 1343 1491 et
1372 1433 1449 1490 ob
1486 1433 1632 1490 hanc
1659 1449 1886 1490 causam
1911 1441 1968 1490 et
1995 1433 2070 1489 ob
2101 1447 2458 1490 communem

170 1515 429 1574 omnium
470 1516 740 1574 librornm
784 1535 1155 1590 consensum,
1214 1511 1339 1593 quo
1364 1530 1371 1536 ‘
1394 1517 1682 1578 εἱλωτέων
1733 1516 1860 1573 istis
1901 1517 1958 1572 in
2001 1515 2144 1574 locis
2191 1516 2460 1592 scriptum

170 1605 389 1674 exstat,
440 1601 517 1657 ad
556 1600 773 1677 primae
810 1594 1209 1660 declinationis
1246 1601 1484 1658 formam
1529 1594 1774 1676 εῑλῶτης
1817 1600 2045 1655 transiri
2089 1599 2264 1656 satius
2307 1597 2460 1658 duxi.

348 1683 615 1742 Dativnm
657 1684 929 1760 pluralem
964 1689 1027 1740 ut
1070 1685 1357 1741 secundae
1403 1684 1798 1741 declinationis
1841 1685 1898 1738 in
1937 1681 2063 1744 ὂῖἶῖὶ
2115 1684 2200 1739 sic
2241 1681 2460 1757 primae

176 1773 511 1826 constanter
553 1769 612 1824 iu
654 1770 758 1847 ῃσῖ
800 1770 953 1846 apud
994 1773 1259 1824 nostrum
1300 1767 1589 1825 terminari
1633 1767 1692 1822 in
1734 1766 1938 1842 vulgus
1983 1772 2072 1823 est
2113 1770 2348 1838 notum,
2401 1769 2461 1822 et

174 1856 339 1910 recte
382 1852 508 1908 cod.
548 1855 609 1909 S.
654 1847 729 1908 ΙΙ.
782 1858 853 1912 36
886 1857 1019 1924 ταῖς
1058 1853 1223 1930 χερσί
1260 1869 1369 1928 pro
1408 1855 1550 1933 τῇσι
1581 1851 1750 1930 χερσί
1791 1850 2008 1924 vulgat.
2056 1847 2160 1907 III.
2207 1855 2312 1907 110
2331 1851 2462 1919 ταῖς

178 1937 484 2015 νυκτερίσι
528 1947 637 2016 pro
680 1936 899 2012 vulgat.
944 1940 1083 2021 τῇσι
1124 1956 1295 1998 vem.
1336 1937 1628 2014 praebens
1669 1935 1970 2010 neglectus
2011 1939 2139 2000 θείς
2203 1935 2310 1990 sed
2353 1933 2460 1988 im-

176 2021 385 2077 merito
426 2019 609 2078 adhuc
656 2019 807 2083 VIII.
852 2027 921 2079 15
962 2027 1093 2092 ταῖς
1135 2013 1343 2092 αὐταῖς
1382 2017 1634 2101 ἡμέραις
1669 2021 1924 2096 plerique
1967 2020 2322 2076 retinuerunt
2339 2015 2461 2092 (alii

174 2125 291 2174 τας
337 2098 523 2176 &civois-
572 2099 793 2178 ταύτας
840 2102 1098 2184 ἡμέρας)
1160 2125 1270 2182 pro
1325 2105 1530 2182 quibus
1589 2105 1676 2162 vel
1723 2103 1984 2162 omnibus
2049 2102 2210 2160 libris
2267 2101 2460 2159 invitis

178 2185 516 2247 Herodotea
550 2192 688 2288 τῇσι
718 2183 938 2293 αὐτῇσι
967 2187 1226 2274 ημέρῃσι
1254 2191 1588 2266 reponenda
1613 2195 1798 2261 erant,
1834 2194 1899 2244 ut
1931 2189 2046 2264 jam
2093 2201 2266 2263 supra
2307 2203 2366 2263 p.
2387 2189 2462 2244 83

173 2271 423 2330 vidimus
458 2268 792 2336 τοιαύταισι
818 2252 1084 2335 πάθωσι
1096 2250 1197 2333 III.
1240 2278 1311 2341 40
1347 2275 1440 2331 vel
1480 2279 1718 2356 propter
1762 2273 1920 2348 ipsas
1963 2272 2065 2328 has
2108 2270 2461 2329 terminatio-

167 2373 309 2431 nes,
347 2375 465 2414 non
502 2357 892 2432 Herodoteas,
942 2357 1252 2433 rejicienda
1294 2375 1442 2416 esse.
1529 2348 1738 2430 Neque
1783 2358 1952 2412 etiam
1997 2371 2122 2410 cum
2171 2354 2303 2412 ΑΜ.
2343 2354 2460 2409 isto

174 2439 235 2495 in
307 2441 437 2496 loco
496 2433 727 2500 utimini
770 2435 1001 2500 πάθεσι
1041 2441 1390 2516 praeferam3
1447 2455 1791 2513 quamquam
1849 2439 1996 2494 enim
2053 2437 2234 2492 nimis
2285 2436 2462 2491 fuisse

172 2522 429 2579 videaris
470 2522 730 2596 subtilis,
765 2525 815 2581 si
849 2541 1111 2599 magnum
1154 2522 1520 2578 contenderis
1565 2521 1867 2577 discrimen
1907 2522 2058 2577 inter
2092 2512 2309 2594 πάθη,
2349 2513 2463 2574 ’.τᾶ-
2473 2593 2488 2604 Ι

170 2612 359 2681 θημα
388 2611 449 2662 et
480 2599 689 2677 πάθος
714 2608 870 2683 apud
912 2617 1166 2663 nostrum
1212 2605 1640 2676 intercessisse,
1677 2605 1783 2659 nisi
1825 2603 1982 2678 quod
2027 2601 2208 2658 solum
2255 2595 2464 2671 πάθος

174 2689 257 2747 de
300 2687 460 2747 clade
506 2697 597 2746 est
640 2697 977 2768 usurpatum
1022 2690 1123 2766 (cf.
1147 2688 1463 2762 Schweigh.
1502 2687 1612 2746 lex.
1631 2685 1854 2746 Herod.
1892 2705 1938 2742 s.
1977 2705 2028 2747 v.
2077 2683 2280 2742 Aesch.
2304 2683 2462 2742 Pers.

176 2791 265 2839 vs.
308 2779 431 2834 250.
475 2777 600 2832 286.
640 2779 748 2833 428
788 2781 847 2831 et
888 2773 1047 2849 alibi)
1100 2782 1291 2832 tamen
1328 2772 1700 2848 plurimorum
1739 2770 1910 2833 codd.
1957 2769 2102 2830 Mss.
2135 2765 2462 2827 auctoritati

124 2857 293 2917 ,hoc
330 2860 389 2916 in
434 2875 649 2934 genere
692 2857 1201 2942 obtemperandum
1244 2875 1374 2914 esse
1413 2857 1584 2914 duco.

785 3061 1123 3148 Declinasstio
1166 3041 1432 3130 secunda
1467 3061 1842 3128 Herodotea.

350 3192 601 3250 Nomina
652 3190 909 3268 vulgaris
968 3194 1255 3251 secundae
1307 3192 1704 3250 declinationis
1744 3209 1982 3268 prorsus
2026 3189 2266 3246 eandem
2307 3188 2463 3264 apud

182 3281 462 3351 nostrum,
504 3275 698 3334 dativo
739 3277 945 3354 plurali
986 3286 1249 3353 excepto,
1291 3280 1604 3352 sequuntur
1641 3276 1908 3336 flectendi
1952 3275 2250 3342 rationem,
2294 3289 2464 3347 quam

180 3361 349 3436 vulgo
393 3359 665 3458 apud—
598 3359 743 3418 alios
782 3362 1043 3418 Graecos
1106 3361 1438 3436 scriptores.
1521 3359 1770 3418 Dativus
1831 3359 1982 3414 enim
2035 3355 2268 3434 pluralis
2324 3373 2462 3415 con·-

183 3451 402 3504 stanter
456 3447 513 3503 in
551 3463 669 3508 οισι
716 3445 1081 3519 terminatur,
1146 3451 1205 3502 et
1246 3443 1522 3518 quidquid
1577 3443 1706 3500 huic
1749 3439 1984 3518 regulae
2018 3441 2358 3498 contrarium
2402 3439 2464 3496 in

181 3530 343 3588 libris
414 3530 765 3609 inveniatur,
828 3529 1017 3597 statim
1071 3527 1456 3590 damnandum
1516 3527 1960 3603 mutandum'que
2027 3545 2157 3583 esse
2212 3542 2463 3592 censeo,

182 3620 355 3690 atque
400 3621 491 3671 est
524 3615 861 3690 plerumque
899 3614 1015 3692 jam
1072 3619 1227 3670 recte
1267 3613 1592 3673 damnatum
1653 3612 1723 3672 cf.
1777 3612 1925 3669 enim
1969 3611 2107 3672 Var.
2150 3609 2338 3670 Lectt.
2386 3605 2464 3664 ad

181 3697 233 3760 1.
272 3703 360 3760 86.
404 3703 492 3758 98.
544 3699 617 3757 II.
662 3703 781 3757 142.
825 3697 927 3758 ΙΙΙ.
968 3703 1057 3756 36.
1103 3701 1190 3755 72.
1236 3702 1356 3758 159.
1400 3694 1646 3758 V11.11.
1689 3695 2082 3756 86.175.ΙΧ.
2125 3701 2213 3756 82.
2289 3691 2463 3750 Unde

180 3789 342 3862 patet
405 3783 671 3840 vitiosum
734 3776 998 3863 ἐγγείοις
1032 3781 1131 3839 Vl.
1173 3783 1280 3838 119
1323 3781 1510 3838 adhuc
1551 3779 1624 3838 ab
1665 3781 1926 3838 omnibus
1965 3780 2112 3837 male
2157 3782 2470 3847 retentum,

183 3867 373 3926 statim
418 3867 475 3924 in
520 3859 825 3948 αγγηΐοισι
862 3867 1191 3922 mutandum
1236 3881 1332 3920 ess
1339 3883 1411 3934 e3
1466 3869 1660 3941 patet,
1707 3883 1875 3940 quam
1915 3865 2064 3923 falso
2102 3862 2376 3937 saepius,
2404 3860 2468 3917 ut

182 3952 283 4010 Vl.
321 3957 455 4025 108,
496 3953 693 4013 τοῖσδε
733 3969 841 4028 pro
886 3948 1109 4010 τοισίδε
1146 3948 1422 4024 scriptum
1464 3947 1814 4007 exhibeatur.
1855 3977 1944 3994 -—-
2005 3946 2124 4002 Sed
2143 3940 2468 4025 genitivus

182 4037 480 4111 singularis
522 4039 853 4094 constanter
888 4033 1108 4110 vulgari
1150 4033 1325 4090 modo
1368 4032 1428 4088 in
1469 4051 1544 4093 ου
1579 4034 1972 4091 terminandus
2015 4033 2200 4102 est,e
2167 4031 2226 4092 et
2265 4023 2466 4083 termi-

186 4121 443 4180 nationes
492 4123 549 4179 in
596 4144 688 4183 οιο
734 4126 791 4178 et
843 4149 917 4189 sm
957 4121 1147 4202 aeque
1189 4115 1574 4192 rejiciendae.
1641 4117 1743 4177 111.
1787 4119 1858 4172 97
1909 4106 2256 4180 Καυκάσιος
2309 4127 2462 4165 nnnc

162 4204 333 4281 iulg.
381 4197 739 4268 Καυκάσοιο
760 4205 831 4263 V.
856 4207 918 4268 S.
949 4196 1043 4260 IV.
1081 4207 1182 4262 166
1203 4194 1518 4282 Αἰγύπτου
1549 4201 1700 4274 vulg.
1742 4191 2080 4274 Αἰγυπτοιο
2123 4194 2168 4252 f.
2203 4199 2310 4254 192
2349 4185 2469 4263 ὖος
