2784 4567
314 143 359 203 4
917 134 1008 196 De
1049 134 1298 193 dialecto
1344 132 1675 192 Herodotea
1728 131 1818 189 lib.
1868 130 1907 189 l.

328 330 397 369 ex
449 302 850 366 vetustioribus
895 300 1108 378 graecis
1152 300 1531 373 grammatic‘s
1572 299 1771 357 batista
1826 298 1881 355 in
1942 316 2099 355 usum
2154 312 2316 352 suum
2375 308 2625 349 conver-

327 398 549 463 terant,
607 386 850 448 deminui
897 384 1098 457 velim,
1149 384 1234 440 vel
1278 386 1339 443 id
1385 388 1721 443 documento
1774 402 1899 441 esse
1944 388 2169 459 potest,
2214 378 2369 453 quod
2414 392 2623 433 eornm

333 476 650 550 nonnullos,
693 472 955 549 imprimis
993 469 1250 527 Lascaris
1300 476 1358 527 et
1400 472 1614 542 Gazae,
1657 470 1732 526 ad
1778 468 2091 525 historicam
2136 480 2371 541 graecae
2420 478 2627 537 gram-

331 562 568 623 maticae
608 556 980 633 cognitionem
1029 554 1266 612 maxime
1309 554 1673 625 necessarios»,
1718 552 1919 629 dignos
1952 570 2077 609 esse
2109 566 2333 623 censeo,
2376 563 2629 621 quorum

335 648 501 705 etiam
543 649 740 701 nostro
788 647 1044 718 tempore
1093 657 1275 696 novae
1317 646 1583 716 parentur
1630 638 1917 697 editiones.
2006 632 2155 691 Num
2210 631 2377 689 etiam
2420 636 2633 686 nostra

337 736 543 799 aetate,
599 742 938 801 quamquam
981 725 1036 780 in
1081 723 1202 799 ipsa
1245 724 1605 797 grammatica
1658 721 2094 801 pervestiganda
2129 716 2308 779 eximii
2342 714 2441 771 viri
2478 712 2631 770 mul-

337 822 453 875 tam
490 812 607 887 jam
650 816 955 888 posuerunt
997 826 1246 884 operam,
1274 819 1529 885 'magnus
1571 806 1735 882 hujus
1779 806 1855 863 rei
1882 805 2075 881 judex,
2108 802 2204 859 Gr.
2242 800 2631 869 Hermannus,

339 899 582 959 maximo
626 893 682 951 in
737 912 926 951 errore
969 893 1259 949 contendit
1315 912 1415 951 eos
1468 894 1699 963 versari,
1768 890 1864 967 qui
1934 888 2022 945 vel
2080 888 2442 944 fundamenta
2496 899 2632 939 esse

338 983 492 1057 jacta
535 996 769 1055 graecae
813 976 1205 1054 grammaticae
1247 979 1481 1036 credant
1520 976 1620 1051 (cf.
1664 971 1894 1035 Dissert.
1931 975 2003 1031 de
2036 971 2183 1049 ellip.
2218 980 2277 1028 ct
2312 971 2631 1047 pleonasm.

343 1068 400 1124 in
446 1082 628 1142 graec.
672 1061 806 1137 ling.
859 1060 1128 1137 Opuscul.
1185 1062 1222 1118 Ι.
1269 1081 1324 1138 p.
1357 1064 1530 1137 244).

517 1146 696 1204 Aldus
737 1162 872 1203 vero
913 1144 1197 1203 Manutius
1235 1153 1292 1201 et
1329 1149 1386 1217 ii,
1426 1163 1495 1205 ex
1530 1144 1729 1219 quibus
1764 1140 2063 1201 Academia
2084 1138 2203 1214 ejus
2225 1134 2525 1195 constabat
2546 1135 2632 1209 ¹⁸¹),

350 1232 534 1291 multis
579 1228 982 1307 exemplaribus
1033 1230 1332 1303 castigatas
1377 1231 1483 1303 (ut
1530 1228 1650 1307 ipsc
1710 1226 1883 1284 Aldus
1936 1226 2015 1283 ait
2056 1224 2110 1281 in
2153 1222 2504 1301 praefatione
2554 1218 2635 1277 ad

353 1315 750 1395 Calpurnium)
796 1312 1074 1371 Herodoti
1137 1313 1328 1372 Musas
1389 1334 1539 1371 anno
1603 1318 1735 1375 1502
1794 1313 1847 1368 in
1904 1310 2081 1367 lucem
2137 1307 2469 1376 emiserunt;
2533 1302 2634 1379 qui

351 1401 451 1459 viri
493 1398 798 1457 doctissimi
834 1402 892 1454 et
939 1398 1298 1454 strenuissimi
1345 1398 1433 1455 vel
1486 1399 1562 1455 sic
1606 1396 1765 1455 nobis
1810 1394 2147 1469 satisfecisse·
2176 1390 2438 1449 censendi
2474 1395 2634 1459 sumt,

353 1487 398 1543 si
449 1484 750 1542 editionem
790 1500 946 1539 suam
989 1499 1023 1536 a
1067 1488 1181 1540 tam
1229 1484 1409 1541 foedis
1458 1492 1515 1541 et
1556 1481 1855 1539 innumeris
1918 1479 2095 1548 vitiis,
2140 1495 2286 1551 quae
2334 1473 2636 1533 incredibi-

353 1568 426 1628 lis
475 1568 691 1625 inscitia
747 1575 804 1626 et
859 1565 1059 1622 inertia
1112 1566 1454 1625 librariorum
1510 1565 1695 1623 seculo
1751 1562 1904 1623 Xlll.
1962 1562 2309 1641 potissimum
2364 1564 2421 1618 et
2478 1554 2633 1615 xlv.

357 1652 461 1729 (cf.
505 1652 673 1709 Heer.
717 1650 752 1709 l.
807 1649 841 1708 l.
897 1648 936 1707 l.
989 1668 1046 1727 p.
1089 1656 1193 1709 303
1227 1654 1364 1726 sq.)
1425 1650 1840 1719 commiserant,
1896 1654 1958 1705 ut
2020 1646 2245 1705 liberam
2305 1643 2635 1719 redderent,

354 1737 710 1799 studuerunt.
796 1733 990 1792 Artem
1035 1738 1180 1793 enim
1227 1738 1471 1794 criticam
1516 1754 1699 1811 neque
1745 1732 2061 1791 historicam
2107 1748 2296 1807 neque·
2352 1744 2643 1805 gramma-¹

355 1824 522 1882 ticam
573 1828 710 1877 tunc
763 1819 915 1876 docti
967 1819 1066 1876 viri
1113 1819 1344 1881 multum
1387 1828 1488 1877 aut
1533 1820 1759 1893 feliciter
1809 1822 2203 1883 exercuerunt3
2246 1832 2429 1889 neque
2481 1808 2637 1867 vale-

357 1908 500 1964 bant
561 1904 786 1979 quidem
853 1921 978 1959 eam
1035 1911 1280 1965 tractare
1300 1906 1409 1979 **).
1520 1905 1639 1963 Sed
1691 1922 1863 1976 quum
1928 1901 2004 1959 illi
2063 1899 2302 1957 Aldinae
2354 1894 2636 1963 editionis,

359 1990 686 2068 plerumque
733 2004 858 2043 cum
895 1984 1079 2045 Codd.
1113 1988 1313 2047 Pariss.
1365 1988 1786 2055 consentientis,
1838 1986 2081 2043 editores
2114 1982 2403 2053 vidissent,
2450 1978 2635 2037 Hero·

361 2076 558 2131 dotum
602 2088 858 2128 sermone
901 2088 1059 2129 usum
1109 2090 1232 2129 esse
1281 2070 1517 2143 Jonico,
1576 2070 1733 2147 cujus
1785 2070 2003 2129 dialecti
2047 2075 2270 2147 praeter
2316 2066 2470 2145 ipsas
2513 2062 2632 2121 He-

363 2154 552 2233 rodoti
591 2154 852 2213 historias
889 2164 948 2213 et
989 2156 1084 2231 qui
1122 2156 1226 2215 sub
1267 2156 1548 2214 Herodoti
1610 2156 1833 2213 nomine
1898 2154 2071 2213 fertur
2124 2152 2323 2210 librum
2391 2152 2465 2208 de
2518 2149 2638 2205 vita

361 2238 626 2315 Homeri,
682 2238 980 2297 Homerica
1035 2242 1276 2299 carmina
1328 2240 1675 2319 potissimum
1742 2238 1797 2297 iu
1854 2238 2012 2297 ltalia
2067 2243 2202 2296 tunc
2262 2236 2635 2309 innotuerant,

361 2342 478 2383 non
533 2322 668 2380 satis
709 2331 964 2383 accurate
1014 2326 1384 2383 distinxerunt
1428 2325 1571 2383 inter
1610 2324 1893 2383 Jonismos
1928 2322 2289 2383 Herodotcos
2324 2326 2381 2379 et
2424 2318 2635 2376 Home·

361 2409 528 2479 ricus,
589 2406 723 2483 quin
768 2407 936 2466 immo
994 2408 1290 2486 aliquoties
1351 2411 1516 2469 etiam
1569 2416 1765 2467 contra
1826 2408 1957 2465 Mss.
2014 2408 2411 2465 auctoritatem
2460 2420 2635 2461 novas

361 2491 579 2551 lonicas
622 2492 832 2552 formas
875 2500 1069 2551 nostro
1113 2496 1366 2572 scriptori
1410 2494 1713 2552 obtrusisse
1754 2492 2013 2550 videntur
2035 2492 2173 2567 ***).
2260 2491 2354 2549 Sic
2402 2486 2637 2547 eandem

363 2578 484 2637 fere
524 2576 850 2639 varietatem
881 2584 1291 2659 expresserunt,
1337 2598 1505 2655 quam
1561 2578 1619 2637 in
1668 2576 1818 2636 libris
1860 2576 1996 2635 Mss.
2031 2576 2284 2635 obtinere
2315 2582 2511 2633 notum
2532 2576 2635 2631 est.

364 2660 531 2728 Quae
580 2679 668 2719 res
710 2680 884 2736 quum
931 2665 1177 2739 quadam
1219 2684 1287 2723 ex
1337 2671 1497 2742 parte
1538 2664 1716 2741 prima
1758 2662 1815 2720 in
1859 2660 2123 2739 editione,
2165 2654 2451 2739 primo‘in
2494 2654 2638 2735 peri-

363 2744 491 2802 culo
533 2743 812 2816 faciendo,
853 2748 1181 2823 scriptorem
1225 2747 1466 2822 cujusvis
1502 2748 1720 2822 generis
1754 2746 1897 2805 vitiis
1936 2745 2407 2823 corruptissimum
2450 2758 2638 2800 emen-

367 2828 639 2886 datiorem
681 2827 978 2903 reddendi,
1021 2832 1267 2888 excusari
1309 2833 1508 2908 possit,
1553 2831 1701 2888 idem
1745 2836 1929 2888 tamen
1974 2831 2165 2887 vitium
2224 2828 2481 2885 omnibus
2544 2843 2637 2883 us-

367 2931 480 2988 que
536 2912 610 2968 ad
655 2910 804 2969 hunc
848 2912 992 2971 diem
1040 2914 1376 2973 editionibus
1428 2915 1553 2993 plus
1596 2916 1777 2973 minus
1832 2915 2135 2973 adhaerere
2188 2912 2358 2971 cuivis
2415 2928 2637 2969 accura-

367 2997 479 3053 tius
521 3014 618 3052 eas
655 2994 965 3071 inspicienti
1012 2998 1170 3056 facile
1215 2999 1447 3077 patebit.
1535 2998 1609 3059 Et
1661 3000 1939 3079 profecto,
1983 2999 2029 3057 si
2079 3018 2228 3057 nunc
2275 2994 2635 3072 Thuc5dides

319 3085 323 3089 “
367 3079 460 3139 ille
517 3078 845 3137 adolescens
903 3100 969 3139 ex
1027 3086 1230 3141 nostris
1283 3082 1687 3161 exemplaribus
1745 3082 2033 3161 cujusdam
2090 3072 2405 3141 Herodotei
2455 3078 2636 3159 operis

369 3164 543 3243 partis
597 3163 976 3225 recitationem
1024 3168 1271 3239 audiret,
1332 3168 1378 3225 si
1434 3187 1627 3227 revera
1680 3174 1813 3227 tunc
1868 3167 2081 3226 audivit
2138 3166 2255 3242 (cf.
2294 3164 2528 3243 ,Heyse,
2568 3164 2639 3221 de

369 3246 586 3306 Herod.
638 3246 768 3309 Vita
811 3254 868 3307 et
911 3248 1148 3309 Itinerib.
1201 3274 1256 3331 p.
1301 3258 1370 3312 23
1420 3255 1601 3329 sqq.),
1648 3273 1763 3313 non
1806 3253 2053 3328 gaudio,
2114 3252 2317 3323 credo,
2367 3269 2474 3309 nec
2524 3246 2636 3306 lae-

369 3334 513 3409 titia,
556 3332 656 3389 sed
707 3331 906 3392 dolore
947 3335 996 3393 ei
1040 3333 1296 3395 lacrimae
1351 3342 1657 3395 manarent.

531 3412 694 3473 Nolo
745 3426 998 3493 repetere
1044 3439 1190 3495 quae
1225 3420 1340 3495 jam
1393 3422 1490 3479 diu
1532 3422 1622 3479 alii
1667 3422 1741 3479 de
1794 3419 2027 3496 singulis
2078 3410 2415 3476 editionibus
2475 3422 2639 3487 recte,

371 3504 434 3557 ut
470 3506 632 3576 puto,
668 3498 989 3574 judicarunt
1057 3506 1158 3577 (cl'.
1206 3506 1468 3565 Praefatt.
1528 3503 1862 3580 wesseling.
1910 3513 1968 3563 et
2012 3494 2377 3579 Schweissh.)
2419 3502 2492 3559 de
2534 3500 2641 3557 sin-

369 3585 516 3659 gulis
559 3582 854 3643 virtutibus
896 3588 1359 3665 Stephanicarum
1406 3591 1746 3661 editionum
1787 3591 1859 3647 de
1914 3588 2155 3659 meritiS,
2203 3586 2431 3665 stupida
2464 3584 2639 3643 Medi-

371 3667 454 3726 cei
501 3668 626 3725 libri
670 3672 1028 3733 veneratione
1074 3680 1131 3735 et
1173 3675 1372 3751 iniquis
1429 3674 1926 3755 vituperationibus
1979 3672 2284 3745 Gronovii3
2340 3672 2415 3731 de
2460 3669 2641 3731 anxie-

505 3850 561 3952 2
592 3849 703 3973 cg}-
717 3850 926 3973 Hfieren
960 3852 1076 3973 lipr.
1111 3854 1147 3909 1.
1188 3855 1252 3907 Π.
1291 3875 1346 3926 p.
1380 3856 1469 3923 96,
1502 3856 1607 3911 294
1638 3875 1721 3928 sq.

504 3918 610 4051 *3)
651 3958 736 4045 c'f.
775 3922 1300 4058 siifvisszgnl'izuhss'·
1353 3924 1545 4049 &sagis
1583 3926 1749 4049 {⁹⁵56
1816 3990 1900 4045 no
1945 3990 2098 4047 stum
2144 3989 2371 4061 quaem
2414 3988 2635 4051 nmen,

369 4070 527 4123 quam
561 4054 726 4111 Aldus
762 4057 816 4115 in
853 4058 1156 4127 vulgaribus
1201 4062 1380 4115 formis
1432 4065 1484 4118 in
1542 4060 1917 4119 Theocriteum
1962 4068 2161 4115 textum
2204 4058 2507 4115 inducendis
2546 4057 2639 4111 sibi

367 4120 607 4207 indulsit,
657 4126 836 4180 confer
873 4126 1224 4182 Muehlmanni
1261 4130 1405 4199 leges
1442 4130 1685 4199 dialecti,
1732 4144 1837 4205 qua
1872 4130 2130 4188 Graecor.
2180 4138 2375 4200 poetae
2428 4125 2636 4183 bucolici

367 4208 448 4255 ,ιω
479 4199 600 4247 suat
635 4192 803 4269 (Εἶρα.
850 4194 1006 4267 1838)
1039 4214 1094 4267 P·
1131 4196 1166 4253 6
1201 4207 1256 4253 et
1297 4199 1384 4258 57.
2237 4230 2258 4237 “
