2784 4567
811 149 901 211 De
945 151 1190 212 dialecto
1233 151 1568 213 Herodotea
1608 153 1708 215 lib.
1744 153 1819 220 11.
2324 152 2447 216 185
2506 171 2512 179 ¹

180 333 304 372 non
341 313 755 376 sollicitandum
787 334 918 378 esse
961 339 1196 389 cense03
1241 341 1427 397 neque
1464 323 1636 388 etiam
1680 321 1897 408 ζωγρίῃ
1936 320 2036 381 Vl.
2082 327 2167 382 28.
2212 326 2283 382 37
2322 325 2448 381 vul-

179 405 404 475 gutum,
450 420 619 476 quum
663 423 776 461 non
815 405 1104 482 poeticam
1145 405 1327 463 solum
1373 405 1515 464 hanc
1556 408 1895 484 scripturam
1933 427 2040 483 pro
2078 407 2293 482 vulgari
2341 411 2447 486 ζω-

179 486 360 567 γρείᾳ
401 485 581 564 fuisse
625 490 938 566 conjiciam,
982 489 1088 547 sed
1127 491 1294 548 etiam
1331 489 1584 550 Ionicum
1624 497 1683 550 et
1724 491 2074 567 exquisitim-i
2118 493 2320 566 cuique
2358 493 2449 548 ‹ii—

48 629 63 638 ‚
181 570 352 626 cendi
401 571 597 644 generi
640 575 1064 631 convenientem
1113 573 1191 630 cf.
1226 575 1386 631 Snid.
1418 595 1467 633 s.
1496 593 1549 637 v.
1588 577 1828 660 ζωγρίῃ.
1877 573 2081 632 Baehr.
2126 575 2286 638 Ctes.
2330 578 2451 634 Re-

181 652 326 728 liqq.
376 672 433 729 p.
476 659 597 712 123.
665 654 940 732 Polyaen.
981 656 1083 734 lv,
1125 663 1215 733 10,
1258 665 1288 718 1
1335 651 1655 735 ἡλίσκοντο
1704 661 1971 742 ζωγρεῖς·
2033 691 2120 702 --
2182 660 2451 716 Similiter

181 736 474 812 vulgatam
525 739 866 816 scripturam
909 741 1006 798 vl.
1037 747 1104 800 56
1144 741 1207 802 ἐν
1251 746 1390 826 τῇσι·
1428 743 1710 827 ἐξοδίῃσι,
1748 764 1782 803 a
1826 742 1995 802 codd.
2039 742 2122 799 Μ.
2161 743 2223 800 Ρ.
2268 744 2339 801 K.
2379 744 2452 801 F.

179 820 508 898 praebitam
563 821 656 898 (ἐν
695 831 848 885 τοῖσι
893 824 1174 899 ἔξοδίοισι
1217 827 1308 898 8.)
1361 845 1703 903 quamquam
1756 828 1895 886 iilud
1948 825 2149 904 ἒξοὸίη
2191 827 2265 884 ab
2318 828 2453 901 ἐξο-

181 899 348 966 δεύω
395 907 766 964 derivandum
817 929 944 968 esse
994 911 1255 984 videtur,
1311 917 1368 968 et
1411 910 1485 970 ab
1530 911 1656 970 aliis
1712 920 1773 972 et
1820 931 1855 968 a
1895 909 2181 968 Strabone
2222 911 2335 988 (V,
2390 933 2451 989 p.

179 995 290 1048 332
336 989 406 1046 Α·
451 994 581 1061 (249
622 992 718 1062 Β.)
757 991 1019 1066 ἐξοδείας
1045 991 1429 1073 ποιούμενοι)
1476 993 1707 1068 ίξοδεία
1748 997 2051 1068 scribitur,
2104 1001 2291 1052 tamen
2338 1015 2481 1092 non³

179 1075 516 1132 mutandam
561 1093 692 1133 esse
719 1078 939 1155 judico,
981 1086 1170 1154 neque·
1213 1079 1268 1136 in
1314 1079 1618 1164 ἐξοδηΐῃσι
1660 1081 2011 1149 vertendam,
2050 1097 2221 1154 quum
2246 1079 2455 1154 «ἐξοδία

179 1175 304 1214 non
359 1176 394 1215 a
451 1160 639 1234 poetis
694 1161 876 1218 solum
919 1162 1022 1232 (cf.
1066 1163 1354 1240 lnterppr.
1407 1161 1695 1241 Aristoph.
1734 1165 1889 1224 Nnb.
1934 1165 2067 1235 579)
2124 1164 2231 1220 sed
2282 1166 2451 1221 etiam

179 1241 258 1298 ab
303 1241 430 1299 aliis
470 1241 752 1302 historicis
797 1253 1126 1324 usurpatum
1149 1248 1247 1304 ⁴sit
1289 1248 1390 1323 (cf.
1434 1249 1750 1323 Schweigh.
1796 1249 1901 1308 lex.
1947 1245 2145 1322 Polyb.
2188 1268 2247 1324 p·
2292 1248 2445 1322 230).

181 1355 273 1369 --
311 1326 433 1384 Sed
473 1319 515 1403 ἦ
557 1329 829 1406 βασίλεια
873 1327 1128 1408 (regina)
1171 1349 1205 1387 a
1245 1329 1529 1410 βασιλεύς
1569 1333 1955 1406 derivandum,
1998 1331 2051 1392 Ξῖ
2093 1330 2450 1408 diphthongo

180 1410 500 1483 immutata,
537 1419 866 1473 constanter
902 1422 1404 1493 proparoxytonon
1441 1418 1593 1493 apud
1628 1422 1885 1475 nostrum
1928 1409 2287 1473 scribendum
2332 1421 2451 1485 est3

187 1496 274 1554 sic
319 1494 593 1574 βασίλεια
635 1495 680 1558 Ι.
725 1505 810 1558 11.
856 1503 978 1562 185.
1027 1503 1146 1559 191.
1189 1507 1312 1559 205.
1363 1502 1671 1580 βασιλειαν
1721 1501 1823 1558 lv.
1868 1502 1990 1559 127.
2042 1531 2115 1542 -
2180 1499 2226 1557 1.
2269 1503 2371 1558 187
2406 1493 2453 1577 ἡ·

183 1572 250 1640 δ’
297 1572 452 1656 αὕτη
497 1573 650 1659 αὕτη
690 1583 962 1660 βασίλεια
1003 1602 1232 1652 omnen
1275 1583 1415 1642 ibid.
1456 1578 1496 1662 ᾗ
1536 1586 1800 1662 βασίλεια
1838 1577 2088 1657 τοιαύτη
2128 1591 2285 1641 recte
2327 1583 2454 1640 vui—

183 1669 334 1738 gat‚
379 1664 470 1720 ubi
507 1659 794 1744 βασιλήϊα
839 1669 982 1724 maie
1025 1668 1155 1725 cod.
1198 1668 1260 1744 S.
1333 1701 1409 1711 —
1481 1669 1663 1725 Etiam
1706 1668 1752 1724 1.
1796 1673 1898 1724 211
1944 1672 2100 1723 recte
2134 1684 2285 1723 nnnc
2326 1685 2456 1724 cum

185 1749 365 1811 codd.
406 1746 480 1807 F.
524 1768 576 1806 a.
623 1770 672 1808 c.
717 1751 1025 1830 βασιλείης
1066 1751 1358 1853 vulgatum
1403 1759 1527 1821 cst3
1568 1751 1699 1809 olim
1742 1749 1889 1806 male
1931 1750 2275 1825 βασιληΐης;
2318 1749 2453 1806 item

184 1849 317 1908 cap.
357 1836 482 1890 213.
533 1834 844 1893 —·Unum
883 1841 1070 1894 autem
1117 1857 1158 1911 η
1200 1835 1354 1914 ἱρείη
1393 1836 1477 1892 ita
1510 1854 1640 1894 esse
1682 1833 2107 1910 excipiendum,
2146 1840 2205 1890 ut
2250 1833 2293 1889 ἆ
2323 1838 2455 1890 tan-

182 1920 308 1973 tum
354 1917 410 1974 in
449 1916 493 1992 ἢ
533 1923 804 1993 mutetur,
845 1921 1136 1978 immutata
1171 1919 1234 1984 Ξ
1265 1919 1644 1998 diphthongo,
1680 1920 1799 1995 iam
1843 1936 2019 1994 supra
2056 1938 2114 1994 p.
2151 1921 2259 1978 128
2300 1936 2456 1974 com-

181 2003 657 2078 memoravimus,
703 2005 852 2062 unde
893 2004 971 2067 11.
1017 2009 1088 2062 54
1129 2005 1318 2080 ἱρείας
1357 2005 1658 2063 dicendum
1695 2010 1823 2062 erat
1860 2003 2105 2080 (ἱερείας
2138 1998 2207 2062 Ρ.
2236 2001 2312 2058 Κ.
2353 2000 2453 2072 F.)

183 2102 306 2141 non
366 2085 568 2164 ἱρηΐας
619 2089 803 2147 Gaisf.
857 2088 931 2150 al.
1022 2088 1093 2149 ss.
1140 2096 1210 2148 55
1262 2089 1328 2151 αἱ
1373 2090 1587 2168 ἱρεῖαι,
1644 2107 1757 2145 non
1814 2086 2006 2164 ἱρήϊαι
2048 2085 2228 2147 Gaias.
2284 2091 2345 2144 et
2388 2085 2451 2145 S.

187 2175 290 2226 aut
327 2167 536 2244 ἱέρειαι
557 2173 608 2229 F
615 2213 628 2228 .
673 2171 831 2231 Eust.
877 2173 991 2232 od.
1037 2195 1094 2252 p.
1135 2178 1273 2234 1760
1305 2201 1390 2228 .·-·-·-.
1432 2179 1574 2248 545,
1618 2178 1718 2231 ant
1766 2169 1953 2248 ἱρείαί
1987 2171 2173 2230 Bekk.
2269 2169 2338 2227 V.
2384 2172 2453 2227 72

188 2252 349 2332 ἱρείη
396 2255 524 2316 Ald.
566 2257 750 2315 Bekk.
795 2257 890 2315 alii
934 2279 1059 2318 cum
1103 2259 1163 2317 S.
1208 2279 1318 2317 non
1365 2259 1535 2338 ἱρηΐη
1576 2258 1757 2318 Reizii
1792 2263 1850 2316 et
1878 2256 2066 2314 Gaisf.
2150 2253 2315 2314 VIII.
2347 2257 2455 2312 104

181 2332 227 2414 ἦ
275 2339 432 2416 ἱρείη
495 2337 708 2419 (ἱερείη
749 2341 853 2419 F.)
908 2363 1022 2400 non
1050 2341 1200 2420 ,ἱρείη
1243 2344 1431 2405 codic.
1481 2342 1545 2400 S.
1614 2340 1717 2418 (cf.
1764 2339 1955 2402 Strab.
2005 2338 2187 2421 XIII,
2245 2358 2305 2414 p.
2348 2339 2455 2395 909

187 2423 401 2497 (611))-
499 2423 649 2480 Nam
707 2424 836 2502 ἱρέη
891 2431 952 2483 et
1005 2425 1136 2499 ἱρέα
1199 2425 1411 2482 Dorica
1462 2429 1597 2482 sunt
1660 2424 1733 2480 cf.
1795 2424 1963 2481 Pind.
2018 2421 2189 2496 Pyth.
2244 2420 2361 2489 lV,
2418 2424 2456 2478 5

187 2503 512 2584 (Boeckh.)
555 2505 704 2582 ἱρέα.
766 2508 1092 2567 Callimach.
1135 2508 1336 2582 Epigr.
1381 2513 1487 2580 42,
1534 2511 1565 2564 1
1610 2504 1789 2583 ἱερέη.
1850 2505 2148 2561 Theocrit.
2187 2506 2279 2575 29,
2323 2507 2354 2559 1
2396 2506 2459 2560 et

186 2593 264 2648 38
307 2580 558 2649 ἆλᾶθεα.
648 2591 746 2648 Sic
787 2598 864 2648 et·
889 2593 1042 2669 apud
1075 2592 1383 2648 Pindarum
1424 2591 1481 2646 in
1526 2588 1847 2646 nominibus
1886 2586 2159 2663 propriis,
2197 2581 2457 2660 Ἀλφεόν

151 2691 304 2752 ·pro
343 2664 624 2748 Ἀλφειόν
666 2672 894 2751 Olymp.
939 2682 995 2748 5,
1026 2680 1112 2734 18.
1157 2675 1326 2731 Nem.
1355 2679 1413 2748 3,
1440 2677 1513 2730 83
1558 2676 1813 2744 Κλεοῦς.
1854 2703 1943 2716 --
1987 2669 2029 2728 1.
2077 2671 2179 2728 175
2214 2661 2259 2746 ἦ
2304 2668 2459 2744 ἱρείη

187 2755 406 2840 vulgat.
454 2753 677 2836 (ἱερείη
711 2759 929 2837 F.·a1.)‚
1014 2758 1300 2835 v111.·m3‹;
1341 2757 1533 2836 ἱρείης
1571 2757 1698 2814 sine
1742 2755 2034 2817 varietate.
2119 2752 2458 2820 Quare-hoc

193 2857 406 2901 nomen
447 2861 573 2900 cum
617 2845 685 2900 iis
721 2861 862 2900 esse
908 2842 1347 2920 comparandum
1389 2848 1550 2919 patet
1570 2881 1587 2907 .
1640 2860 1787 2917 qnae
1829 2840 1901 2896 ab
1942 2839 2239 2916 adjectivis
2281 2838 2335 2894 in
2380 2834 2459 2914 ἴς

192 2925 311 3002 (vel
354 2919 450 3007 ἴς)
505 2927 772 2985 derivata*
813 2930 964 3005 apud
1009 2927 1368 2984 Herodotum
1418 2931 1743 2984 constanter
1799 2927 1854 2982 in
1902 2923 1991 2996 ἐἶῆ
2014 2963 2031 2997 ,
2086 2942 2199 2980 non
2250 2923 2307 2980 in
2348 2924 2457 3001 ηΐη

191 3017 422 3074 exeunt.
507 3011 605 3069 Sic
659 3005 956 3090 ἀληθείη,
1017 3003 1309 3086 ἆληθείης
1365 3015 1477 3073 etc.
1539 3013 1871 3068 constanter
1928 3013 2019 3066 est
2075 3007 2459 3084 scribendum,

195 3113 263 3151 ac
303 3111 574 3172 perverse
617 3104 676 3154 et
717 3116 786 3154 ex
827 3115 1044 3155 summa
1067 3095 1440 3153 Herodoteae
1480 3094 1753 3152 orationis
1796 3091 2131 3168 ignorantia·
2156 3092 2213 3150 in
2258 3109 2461 3149 recen-

191 3177 432 3237 tioribus
477 3181 644 3237 etiam
691 3181 1034 3239 editionibus
1073 3174 1348 3256 ἆληθηΐη
1393 3183 1504 3237 etc.
1546 3179 1819 3254 scriptum
1858 3176 2161 3236 invenitur.
2248 3174 2347 3234 ΙΙΙ.
2388 3179 2461 3234 64

195 3253 459 3340 ἆληθείη
499 3262 683 3322 Bekk.
727 3271 786 3322 et
825 3265 894 3330 F.
959 3257 1230 3344 ἅληθηΐη
1271 3262 1455 3319 Gaisf.
1498 3269 1559 3319 et
1598 3261 1793 3337 vulgo.
1883 3259 1956 3319 11.
2000 3261 2102 3315 106
2156 3262 2263 3332 τῆς
2308 3252 2460 3332 ἄλη-

196 3349 376 3426 estm-
417 3347 602 3405 Bekk.
649 3349 722 3410 al.
769 3367 893 3406 cum
937 3349 1005 3410 F.
1051 3367 1103 3406 a.
1174 3339 1468 3422 ἀληθείας
1510 3347 1572 3402 S.
1638 3339 1943 3422 ἆληθηΐης
1986 3340 2170 3401 Gaisf.
2213 3341 2325 3398 alii.
2409 3341 2457 3400 I.

201 3435 304 3490 116
345 3435 424 3514 τῇ
467 3421 724 3511 ἆληθείη
781 3431 971 3490 Bekk.
1023 3432 1137 3490 alii.
1215 3423 1479 3510 ἀληθείᾳ
1518 3430 1593 3487 F.
1648 3449 1702 3489 a.
1782 3419 2020 3505 ἆληθηΐ
2104 3424 2289 3484 Gaias.
2344 3423 2459 3484 alii.

201 3513 303 3573 111.
343 3521 374 3574 l
435 3497 704 3596 ἀληθείη
736 3516 921 3579 Bekk.
967 3515 1070 3584 ,alii
1122 3530 1248 3574 cum
1289 3513 1362 3570 F.
1409 3532 1462 3569 a.
1536 3506 1809 3591 ἆληθηΐη
1856 3447 2051 3570 (Ξαίεὲ
2093 3510 2169 3570 al.
2235 3543 2321 3554 —-
2391 3514 2461 3569 72

197 3591 456 3678 ἀληθείῃ
508 3600 694 3663 Bekk.
738 3602 826 3658 bis
880 3613 1004 3659 cnm
1051 3600 1118 3657 F.
1162 3600 1226 3658 S.
1297 3590 1571 3680 ἅληθηΐῃ
1620 3573 1803 3656 Gaist‘.
1845 3596 1954 3656 alii.
2020 3589 2135 3652 ‘1V.
2174 3600 2276 3654 195
2318 3589 2461 3669 ἄλη-

199 3686 344 3768 θείῃ
390 3684 576 3745 Bekk.
626 3683 695 3748 F.
745 3684 807 3746 S.
889 3678 1160 3769 ἆληθηΐῃ
1223 3682 1414 3740 Gaisf.
1499 3681 1622 3744 VII.
1668 3688 1768 3740 101
1832 3673 2087 3758 οἷληθείῄ
2142 3677 2231 3736 bis
2276 3677 2461 3735 Bekk.

201 3761 470 3848 ἆληθηΐῃ
516 3767 700 3826 Gnisf.
743 3767 851 3830 bis.
895 3801 982 3813 --
1038 3773 1140 3826 102
1183 3761 1445 3850 &mcciv
1485 3766 1671 3826 Bekk.
1709 3765 1900 3841 (Stob.
1945 3769 1978 3824 7
2019 3783 2079 3839 p.
2122 3766 2193 3820 90
2229 3757 2458 3834 Geso.)-

202 3845 470 3937 ἆληθηΐῃ
515 3853 702 3910 Gaisf.
744 3850 819 3909 al.
861 3881 946 3894 ——-
985 3855 1090 3910 104
1129 3844 1383 3932 ἇληθείη
1419 3851 1607 3910 Bekk.
1646 3870 1773 3909 cum
1798 3847 1870 3912 F.
1908 3850 1972 3911 S.
2022 3839 2297 3928 ἆληθηΐῃ
2333 3841 2463 3898 Gsf.

203 3937 277 4000 el.
315 3971 398 3981 —-·
440 3941 548 3996 234
591 3928 848 4019 ἅληθείῃ
891 3935 1076 3994 Bekk.
1139 3928 1410 4012 ἄληθηΐῃ
1454 3934 1639 3992 Gaisf.
1684 3934 1798 3994 alii.
1862 3963 1950 3976 --
2008 3923 2119 4004 τὴν
2150 3923 2457 4003 ἀληθείην

204 4020 246 4084 l.
289 4026 360 4081 34
408 4022 598 4079 Bekk.
647 4041 772 4080 cum
816 4022 883 4082 F.
927 4022 984 4078 d.
1055 4009 1363 4098 ἆληθηΐην
1410 4018 1593 4076 Gaisf.
1644 4019 1759 4080 alii.
1843 4010 2121 4091 ἆληθίην,
2158 4030 2208 4069 a.
2260 4028 2310 4071 c.
2376 4041 2464 4055 -—-

205 4110 274 4165 46
318 4100 612 4184 ἆληθείην
657 4105 840 4164 Bekk.
883 4124 1008 4164 cum
1059 4103 1130 4167 F.
1175 4103 1358 4160 Paris.
1428 4095 1739 4179 ἄληθητην
1796 4099 1925 4156 Ala.
1972 4093 2156 4155 Gaisf.
2203 4092 2319 4151 alii.
2378 4125 2465 4139 -.

204 4194 268 4248 5⁵
315 4185 610 4272 ἀληθείην
653 4191 840 4249 Bekk.
884 4209 1010 4248 cum
1051 4188 1122 4245 F.
1165 4186 1348 4248 Paris.
1420 4179 1731 4264 ἆληθηῢην
1774 4177 1961 4238 Gaisf.
2000 4175 2115 4236 alii.
2187 4207 2268 4220 -
2368 4180 2467 4236 117
