2784 4567
364 140 493 209 ³72
728 88 735 95 ·
971 136 1065 197 De
1106 135 1353 197 dideeto
1392 134 1730 196 Herodoto·
1771 136 1874 203 lib.
1917 136 2020 199 IV.

368 309 579 393 ξυρίω,
622 309 793 367 etiam
832 328 869 367 ιι
910 306 1121 366 Thom.
1164 304 1349 383 Mag„
1378 312 1446 364 ut
1487 306 1674 363 solum
1717 306 1995 383 probum,
2039 308 2528 366 commendatum
2581 304 2681 384 (cf.

374 398 586 457 ,Thom-
629 392 787 469 Mag.
834 413 895 471 p.
942 396 1089 466 251,
1134 396 1205 449 10
1254 389 1464 468 Ξυρέω
1519 392 1685 467 ξυροῖ
1721 384 2012 465 Ἀττικοὶ,
2077 386 2154 454 οὖ
2213 386 2438 471 ξυριίω
2487 398 2680 470 ξυρῶ-

376 478 528 541 Lob.
570 476 783 553 Plu-yn.
822 497 881 553 p.
924 483 1049 535 205.
1112 476 1189 532 ad
1236 475 1330 552 Aj.
1372 495 1432 553 p.
1475 480 1597 538 181.
1665 476 1951 554 Interppr.
2001 476 2076 534 ad
2117 477 2207 553 Aj.
2255 496 2345 534 vs·
2399 477 2548 554 786)
2593 479 2680 535 hic

378 562 771 641 exemplorum
804 576 1075 619 recensus
1110 559 1376 623 docebit:
1425 559 1497 617 ΙΙ.
1527 563 1600 618 66
1635 559 1946 638 ξυρὲονται
1973 561 2128 636 vulg.
2173 562 2560 639 (ξυροῦντες
2581 563 2680 636 F.)

382 680 469 693 --
510 650 583 706 ³9
624 646 937 726 ξυρεῦνται
976 644 1132 719 vulg.
1176 663 1303 703 cum
1348 644 1416 702 F.
1464 641 1649 705 Paris.
1691 644 2044 727 (ξυροῦνται
2084 645 2192 723 Μ.)
2239 649 2567 725 ξυροῦνται
2609 647 2676 703 Ρ.

384 732 460 791 Κ.
526 732 821 807 ξηρῶνται
860 731 925 787 8.
989 760 1063 769 -
1128 732 1200 787 37
1240 730 1560 803 ξυρεῦνται
1593 729 1807 803 vulgat.
1871 732 2168 805 ξυρῶνται
2203 732 2286 789 Κ.
2355 733 2677 811 ξηρῶνται

386 817 450 875 S.
510 848 592 863 σ-
652 818 723 873 65
766 815 1087 894 ξυροΐντες
1125 813 1279 889 vulg.
1344 815 1645 891 ξηρῶντες
1681 815 1744 871 S.
1792 814 1863 870 V.
1909 815 1977 872 P.
2023 815 2098 874 K.
2185 815 2292 873 111.
2337 821 2384 875 8
2431 818 2680 894 περιξυ·

386 904 654 981 ροῦντες.
706 928 791 973 ξ·-
847 905 915 957 12
954 897 1271 977 ξυρεῦνται
1314 898 1467 973 vulg.
1529 898 1826 975 ξυρῶνται
1873 898 1937 958 Ρ.
1988 900 2065 957 Κ.
2108 901 2172 955 8.
2258 900 2466 959 Recte
2511 900 2682 977 igitur

362 983 743 1061 'quorundam
802 982 1065 1041 codicum
1124 983 1405 1060 scriptura
1467 983 1787 1060 ξυρῶντες,
1848 985 2148 1063 ξυρῶνται
2212 985 2506 1060 neglecta
2573 992 2678 1059 est,

388 1066 811 1145 posterioribus
856 1066 1083 1126 demum
1124 1065 1518 1142 frequentium
1583 1072 1642 1123 et
1681 1067 1908 1145 vulgata
1951 1068 2293 1146 ξυρέονται,
2338 1070 2677 1149 ξυρεῦνται

388 1152 467 1209 ad
510 1152 698 1227 ξυρέω
740 1166 854 1207 non
898 1151 970 1207 nd
1008 1145 1213 1226 ξυράω
1262 1156 1395 1207 sunt
1439 1149 1772 1219 referendam
1829 1152 1890 1208 id
1933 1153 2090 1227 quod
2133 1160 2192 1211 et
2232 1154 2392 1229 male
2443 1162 2680 1212 contra-

392 1241 521 1292 ctae
562 1222 781 1291 formae
818 1236 1171 1309 ξυροῦντες,
1222 1236 1690 1313 περιξυροῦντες
1728 1236 2066 1295 confirmat-e
2105 1246 2381 1319 possunt.
2481 1239 2678 1307 Quare

370 1317 562 1375 ,etium
604 1314 961 1393 ἐξυρημένοι
1005 1315 1075 1372 ΙΙ.
1108 1322 1199 1376 36.
1282 1320 1544 1395 ξυρῆσαι
1586 1319 1658 1378 V.
1699 1324 1784 1378 35.
1873 1315 2212 1399 ξυρήσαντα
2254 1328 2317 1379 et
2351 1313 2677 1401 ἀποξυρή-

325 1473 329 1477 Ᾰ
396 1418 506 1469 σας
548 1398 621 1457 V.
646 1403 719 1457 35
758 1396 1120 1477 (ξυρὶσαντα
1156 1406 1215 1457 et
1246 1402 1496 1480 ξυρίσας
1523 1403 1615 1479 8.)
1657 1421 1694 1460 a
1739 1402 1930 1481 ξυρέω
1973 1412 2108 1465 sunt
2139 1406 2524 1481 deducenda,
2569 1426 2674 1464 nou

394 1502 431 1541 a
474 1478 709 1559 ξυρᾶω,
770 1502 1057 1562 uunquam
1100 1482 1213 1543 alia
1254 1506 1426 1563 quam
1467 1506 1744 1563 praesens
1786 1496 1844 1545 et
1885 1489 2277 1565 imperfectum
2321 1498 2606 1569 tempora
2643 1510 2672 1547 e

394 1586 500 1627 oua
546 1568 945 1627 terminatione
992 1570 1303 1633 emittente.
1358 1602 1440 1616 --
1512 1571 1656 1629 Vide
1701 1577 1761 1631 et
1798 1571 2034 1630 Lucian.
2084 1574 2159 1632 de
2201 1576 2310 1633 dea
2356 1575 2508 1651 Syr.
2555 1597 2607 1633 c.
2645 1579 2673 1632 6

394 1652 719 1731 ξυρέεσθαι
760 1658 823 1709 et
877 1650 1204 1730 ξυρὲονται.
1274 1686 1361 1697 —-··
1433 1654 1551 1711 Sed
1595 1656 1726 1713 illae
1767 1658 1920 1734 apud
1963 1658 2316 1715 Herodotum
2357 1679 2492 1718 non
2538 1663 2677 1717 tole·

396 1739 615 1796 rendae
661 1742 989 1795 contractae
1026 1737 1242 1795 formae
1266 1735 1629 1815 Ιξυροῦνται,
1676 1742 1998 1820 ξυροῦντες
2037 1762 2146 1819 pro
2191 1740 2542 1822 ξυρὲονται,
2585 1746 2676 1817 ξυ-

398 1819 635 1897 ρέοντες
687 1819 779 1877 vel
830 1821 1176 1900 ξυρεῦνται,
1222 1822 1538 1898 ξυρεῦντες
1591 1844 1698 1881 nos
1755 1826 1829 1883 ad
1872 1827 2318 1885 considerandas
2358 1830 2678 1887 verborum

398 1904 883 1967 circumflexorum
924 1904 1083 1981 leges
1128 1906 1379 1982 ducunt,
1429 1926 1574 1982 quas
1615 1908 1708 1965 illa
1753 1911 1908 1987 apud
1949 1917 2199 1969 nostrum
2243 1918 2460 1971 secuta
2504 1916 2642 1975 sint.

858 2090 987 2151 ·1V.
1061 2089 1149 2149 De
1192 2093 1385 2149 verbis
1429 2094 1589 2172 puris
1627 2094 1748 2153 sive
1784 2095 2176 2157 circumflexis-

570 2237 763 2294 Verba
805 2255 949 2313 pura
994 2238 1051 2296 in
1095 2236 1180 2302 εἰῖῖ
1220 2244 1527 2303 terminata
1569 2247 1690 2306 fere
1734 2248 1948 2324 ubique
1985 2248 2136 2325 apud
2181 2248 2556 2309 Herodotum
2591 2272 2685 2308 vo·

406 2321 611 2380 calium
652 2322 937 2380 diaeresin
992 2320 1241 2400 faciunt,
1300 2335 1476 2405 atque
1529 2350 1730 2389 eorum
1763 2333 1978 2390 formas
2021 2333 2076 2390 iu
2115 2332 2197 2409 ἷῖ,
2243 2334 2305 2412 ᾗ,
2359 2333 2446 2410 (ἷι,
2496 2336 2596 2410 ἷῦ,
2638 2336 2682 2397 ἦ

404 2413 727 2467 contractas
768 2425 1005 2483 prorsus
1048 2411 1401 2471 damnandas
1445 2430 1578 2472 esse
1619 2434 1848 2473 censeo.
1935 2418 2121 2485 Quum
2153 2425 2339 2476 autem
2382 2420 2679 2498 plerisque

403 2492 462 2549 in
506 2490 646 2549 loeis
698 2493 905 2569 partim
958 2496 1444 2555 consentientibus
1489 2500 1656 2556 codd.
1697 2500 1841 2561 Mes.
1884 2502 2089 2578 partim
2145 2522 2262 2561 non
2303 2509 2681 2565 consentien-

407 2574 560 2633 tibus
603 2574 694 2652 (ut
730 2576 773 2632 1.
806 2580 839 2635 7
882 2573 1240 2658 καλεόμενος
1269 2580 1420 2655 vulg.
1468 2578 1837 2661 καλούμενος
1865 2604 1918 2644 e.
1961 2618 2048 2631 —-
2085 2590 2158 2645 90
2190 2592 2521 2662 ποιεῦντες
2565 2592 2681 2648 vul·

410 2664 532 2733 gat.
598 2664 916 2732 ποιοῦντες
960 2662 1034 2719 Κ.
1074 2666 1138 2721 8.
1185 2665 1240 2722 b.
1285 2665 1343 2722 d.
1375 2698 1467 2741 .···‘
1511 2670 1612 2726 175
1651 2668 1946 2742 οἰκέοντες
1973 2671 2157 2729 Bekk.
2203 2672 2523 2747 οἰκοῦντες
2553 2675 2680 2733 Gsf.

406 2774 495 2785 ——-
558 2748 629 2802 68
674 2741 1033 2823 ποιεύμενος
1073 2750 1159 2809 Μ.
1204 2750 1277 2807 al·
1305 2749 1309 2754 ’
1342 2746 1707 2828 ποιεόμενος
1749 2773 1797 2813 e.
1871 2749 2236 2833 ποιούμενος
2278 2756 2412 2815 olim
2463 2761 2679 2835 vulgat.

406 2825 505 2885 VI.
552 2830 623 2884 98
661 2820 1077 2905 πολεμεόντων
1113 2832 1181 2889 V.
1230 2832 1704 2912 (πολεμιζὸντων
1744 2839 1835 2916 8.)
1905 2838 2016 2896 Alii
2056 2860 2179 2899 cnm
2223 2841 2292 2897 F.
2338 2840 2684 2922 πολεμούν-

408 2930 543 2967 των.
634 2910 678 2967 Ι.
720 2919 823 2971 120
862 2912 1089 2988 θάρσεε
1116 2916 1299 2979 Bekk.
1330 2919 1553 2996 -Vulgo
1596 2922 1744 2981 male
1781 2916 2024 3001 θάρσει,
2067 2925 2202 2983 item
2233 2926 2328 2982 IX.
2357 2930 2426 2986 76
2463 2942 2527 2985 et
2554 2928 2604 2987 I.
2633 2932 2681 2986 9.

408 2989 533 3046 v11.
574 2994 682 3064 16,
725 2999 763 3050 3
804 2996 1049 3071 διαιρέω
1093 3019 1245 3057 nunc
1284 3003 1443 3080 vulg.
1495 3024 1617 3063 cum
1661 3006 1739 3067 M.
1787 3007 1852 3066 Ρ.
1895 3008 1970 3069 Κ.
2014 3008 2084 3067 V.
2119 3012 2182 3065 S.
2221 3010 2290 3067 F.
2336 3008 2529 3069 Paris.
2597 3016 2680 3074 δι-

406 3076 567 3146 αιροῖ
609 3072 741 3133 Ald.
784 3076 858 3134 al.
945 3078 1047 3142 IX.
1090 3086 1127 3139 8
1180 3082 1424 3147 δέεσθαι
1479 3108 1628 3147 nunc
1677 3093 1829 3165 vulg.
1891 3110 2019 3149 cum
2060 3095 2122 3156 S.
2167 3094 2233 3157 V.
2303 3094 2458 3153 Olim
2506 3103 2568 3155 et
2611 3097 2675 3154 F.

412 3160 667 3221 δεῖσθαι.
756 3160 825 3217 11.
869 3166 939 3222 93
974 3168 1315 3231 κατανοέειν
1350 3190 1501 3230 nunc
1537 3175 1686 3250 vulg.
1754 3175 1907 3234 Olim
1943 3184 2003 3233 et
2021 3168 2106 3236 Ὲ.
2149 3187 2488 3242 κατανοεῖν.
2579 3182 2675 3238 ΠΙ.
2768 3236 2769 3241 ,

410 3250 481 3303 38
520 3237 844 3327 εὐφημέειν
884 3266 1032 3309 nunc
1078 3252 1229 3329 vulg.
1270 3272 1398 3313 cum
1443 3256 1684 3334 Origen.
1731 3268 1832 3321 etr.
1872 3260 2028 3319 Cels.
2068 3263 2309 3336 V‚*603.
2376 3258 2676 3344 εὐφημεῖν

407 3328 545 3393 ΔΜ.
590 3330 665 3393 al.
704 3362 791 3377 —-
838 3332 935 3390 nl.
984 3341 1085 3395 126
1138 3330 1367 3415 ὠφέλεε
1397 3340 1578 3400 Bekk.
1641 3343 1829 3419 Vulgo
1871 3343 2018 3403 male
2065 3338 2289 3423 αἷφὲλει
2333 3367 2465 3407 cum
2507 3351 2674 3409 codd.
2768 3346 2769 3349 ¹

408 3414 475 3469 S.
507 3410 575 3471 P.
603 3412 674 3470 F..
741 3416 815 3471 cf.
858 3422 917 3474 et
956 3418 1089 3477 Var.
1135 3419 1325 3486 Lect't.
1366 3426 1442 3483 ad
1485 3424 1528 3483 1.
1579 3430 1703 3488 117.
1749 3434 1871 3488 128.
1915 3434 2040 3489 206.
2086 3437 2140 3491 8.
2183 3436 2304 3492 198.
2343 3433 2426 3496 11.
2467 3440 2560 3493 25.
2589 3440 2674 3495 68.

408 3498 532 3553 126.
594 3495 699 3553 111.
736 3502 793 3560 8.
828 3504 917 3558 24.
957 3506 1046 3565 36.
1094 3509 1214 3563 131.
1272 3508 1375 3566 lv,
1417 3514 1574 3568 114..
1605 3511 1676 3569 V.
1725 3517 1846 3576 106.
1888 3512 1999 3573 VI.
2049 3519 2138 3575 62.
2179 3520 2267 3595 80.
2305 3520 2400 3590 86,
2442 3522 2502 3575 4.
2547 3519 2677 3579 Vn.
2768 3534 2769 3573 θ

409 3578 499 3633 64.
542 3580 666 3636 237.
708 3577 863 3643 vlu.
906 3588 999 3656 68,
1040 3590 1095 3645 3.
1138 3592 1227 3651 36.
1272 3590 1371 3649 IX.
1415 3600 1504 3655 11.
1551 3599 1669 3666 109.
1707 3595 1862 3655 vm.
1907 3603 1993 3661 26.
2041 3605 2131 3661 41.
2173 3599 2286 3660 ΠΙ.Ι
2320 3605 2411 3661 46.
2457 3610 2553 3665 51.
2589 3609 2673 3663 85.

408 3656 503 3716 IV.
550 3659 669 3739 29.)
721 3680 871 3721 nunc
916 3669 1171 3728 editores
1211 3673 1426 3734 formas
1467 3696 1584 3736 nou
1624 3686 1944 3741 contractas
1986 3691 2139 3744 recte
2185 3704 2455 3744 servasse
2504 3688 2678 3747 vidis-

408 3761 566 3819 sem,
606 3762 901 3824 paucaque
934 3758 1223 3813 contraria
1264 3761 1551 3836 exempla,
1609 3783 1759 3839 quae
1812 3766 2040 3843 quidem
2083 3770 2305 3827 nescias
2346 3776 2542 3829 utrum
2582 3792 2678 3832 eo-

406 3829 539 3887 dem
582 3832 1065 3895 modo-omnibus
1120 3840 1179 3899 in
1218 3844 1391 3905 codd.
1429 3844 1568 3903 Mss-
1613 3847 1962 3925 habeantur,
2006 3871 2078 3909 an
2125 3854 2219 3911 alii
2260 3854 2418 3911 aliud
2461 3856 2675 3915 substi-

407 3917 604 3988 tuant,
664 3936 834 3993 quum
876 3938 1118 3996 prorsus
1168 3926 1305 3983 nihil
1348 3928 1640 3988 varietatis
1677 3934 2012 3993 adnotatum
2055 3938 2164 4011 sit,
2214 3940 2432 3997 nostris
2475 3940 2536 3998 in
2581 3960 2672 3999 ex·

404 3996 753 4069 emplaribus
797 4002 1057 4061 omnibus
1102 4007 1298 4064 relicta
1338 4028 1506 4083 esse,
1557 4018 1986 4077 enumeratione
2037 4023 2283 4078 omnium
2337 4028 2500 4082 recte
2539 4027 2674 4083 scri-

403 4082 633 4147 ptorum
672 4086 1060 4161 exemplorum
1100 4093 1479 4164 supersedere
1523 4112 1613 4152 me
1653 4116 1829 4173 posse
1873 4102 2110 4177 credidi,
2147 4104 2217 4160 iis
2255 4109 2484 4165 tantum
2523 4129 2676 4167 com-
2768 4152 2769 4175 ¹

402 4162 726 4219 memoratis
772 4170 1196 4247 correctisque,
1249 4191 1398 4248 quae
1441 4174 1630 4235 adhuc
1678 4197 1876 4240 omnes
1921 4185 2173 4245 editores
2215 4188 2272 4245 in
2316 4192 2536 4250 mendo
2581 4213 2678 4253 cu-
2768 4232 2769 4265 n
