2784 4567
345 152 426 217 16
973 158 1062 217 De
1107 158 1348 219 dialecto
1398 156 1727 217 Herodotea
1768 154 1861 223 lib,
1910 156 1953 215 1.

343 327 740 405 plerorumque
781 325 1152 387 recentiorum
1214 326 1491 385 editorum
1506 368 1524 398 ‚
1576 342 1749 401 quum
1820 327 2045 403 praeter
2114 322 2255 383 alios
2316 323 2655 383 etiamnunc

345 410 698 469 Gaisfordius
743 412 830 485 (in
879 410 1055 489 praef.
1097 413 1176 469 ad
1227 410 1443 469 Herod.
1488 429 1544 487 p.
1594 413 1696 484 37)
1740 408 2101 486 quaestiones
2137 408 2415 483 quasdam
2442 426 2653 484 gram-

345 496 606 569 maticas,
652 502 715 553 ut
761 498 836 553 de
878 498 1184 573 scripturae
1227 495 1555 553 diversitate
1601 494 1823 573 μοίρην
1880 499 1939 552 et
1984 494 2238 573 μοῖραν,
2280 490 2525 555 τούτων
2590 503 2650 550 et

346 578 630 655 τουτέων,
689 581 764 639 de
783 578 858 646 ’ἶ
877 580 1032 639 finali
1077 586 1210 639 ante
1251 579 1501 639 vocalem
1545 579 1907 656 inceptivum,
1958 584 2017 637 et
2052 577 2179 636 aliis
2238 578 2399 635 hand
2452 577 2653 653 negli-

348 666 548 740 gendis
613 664 778 723 rebus
795 706 815 742 ,
869 671 936 723 ut
991 663 1250 723 minutias
1313 664 1635 723 contemtim
1700 662 2155 740 praetermiserit.
2250 661 2449 729 Quum
2502 681 2649 721 vero

343 750 470 809 illae
511 750 568 809 in
621 768 801 827 panca
843 747 1080 807 collatae
1137 749 1485 807 narrationes
1546 748 1619 807 ab
1678 748 1801 807 aliis
1850 746 2005 806 libris
2060 746 2451 822 integerrimae
2494 764 2648 822 qua—

347 834 543 909 lesque
590 834 668 892 ab
715 836 838 913 ipsa
875 834 1156 893 Herodoti
1197 852 1368 893 manu
1410 833 1652 910 scriptae
1692 836 1825 891 sunt
1857 832 2195 908 censendae,
2244 830 2650 904 exhibeantur,

349 918 504 977 haud
573 936 836 993 magnam
893 919 1005 977 hoc
1061 918 1116 975 in
1173 936 1381 995 genere
1428 936 1538 975 nos
1589 917 1787 977 secisse
1847 915 2129 991 jacturam
2184 934 2289 994 per
2336 932 2403 973 se
2460 921 2647 991 patet.

347 1000 522 1063 Tales
579 1002 686 1063 loci
743 1009 877 1064 snut
931 1007 1202 1079 (quorum
1255 1004 1332 1061 ad
1387 1020 1669 1078 quemque
1717 1002 1913 1060 videus
1952 999 2269 1075 Schweigh-
2316 1005 2381 1059 et
2420 999 2645 1075 Gaisf.)

353 1086 398 1145 1.
441 1086 587 1163 (46).
631 1093 720 1147 53
764 1083 2313 1164 94.960qq.91.121.131.135.138·qq.11.4o.

520 1171 776 1231 Transeo
823 1191 972 1231 nunc
1014 1175 1089 1231 ad
1131 1170 1618 1248 interpolationes,
1690 1179 1751 1231 et
1802 1169 2043 1248 primum
2092 1168 2323 1243 quidem
2372 1168 2457 1227 ad
2518 1188 2645 1242 ens,

351 1254 560 1331 quibus
610 1261 766 1315 totae
806 1257 1118 1315 sententiae
1158 1265 1356 1315 nostro
1398 1255 1659 1333 scriptori
1694 1254 1841 1314 male
1906 1260 2039 1313 sunt
2084 1252 2368 1313 obtrusae.
2440 1253 2519 1313 Et
2540 1254 2645 1314 Vl.

353 1344 428 1399 98
470 1339 696 1415 quidem
739 1338 912 1399 sei-ba
951 1340 1046 1399 illa
1085 1333 1342 1402 δύναται
1391 1335 1458 1401 δὲ
1492 1335 1647 1401 κιττοὶ
1684 1332 1955 1403 Ἑλλάδα
1966 1340 2267 1437 ,γλόσσαν
2316 1356 2505 1414 usque
2558 1340 2647 1397 ad

353 1418 574 1483 verba
571 1418 845 1502 Έλληνες
886 1422 1160 1487 καλέοιεν
1206 1424 1297 1485 vel
1339 1424 1491 1497 idco,
1536 1429 1716 1501 puto,
1776 1422 2186 1502 suspicionem,
2229 1441 2337 1500 pro
2388 1423 2643 1485 insitifiis

355 1527 426 1567 ea
467 1508 730 1567 habenda
773 1520 916 1608 esse,
959 1528 1186 1571 movere
1227 1509 1459 1581 debent,
1500 1510 1661 1585 qnod
1700 1509 1885 1569 alieno
1925 1525 2157 1586 prorsus
2196 1506 2323 1567 loco
2362 1513 2501 1567 sunt
2530 1526 2645 1585 po·

350 1594 478 1655 sita.
565 1593 708 1661 Quis
757 1595 902 1653 enim
946 1600 1080 1673 post
1121 1602 1633 1655 commemoratum
1662 1593 1799 1653 illud
1840 1590 2125 1651 oraculum
2178 1592 2237 1651 in
2280 1590 2397 1651 fine
2434 1592 2645 1669 cupitis

348 1680 692 1755 exspectavit
732 1680 1154 1757 explicationem
1209 1698 1405 1739 eorum
1456 1678 1769 1751 nominum,
1824 1696 2063 1753 quorum
2104 1676 2315 1735 mentio
2370 1696 2477 1755 per
2528 1677 2647 1735 hoc

349 1770 520 1841 caput
563 1775 650 1821 est
697 1764 889 1823 facta?
930 1761 1156 1839 Neque,
1201 1764 1403 1839 credo,
1446 1764 1741 1841 explicatio
1794 1762 1927 1841 ipse
1972 1762 2053 1821 de
2108 1760 2163 1818 vi
2228 1778 2297 1821 ac
2348 1766 2645 1838 potestate

347 1848 552 1907 horum
597 1850 902 1921 nominum,
947 1854 1010 1905 ut
1055 1849 1308 1917 omittam
1357 1866 1553 1907 eorum
1594 1844 1951 1925 scripturam,
1992 1844 2123 1905 hnic
2154 1844 2281 1904 loeo
2314 1862 2643 1907 accommo-

349 1932 486 1991 data
529 1936 636 2001 est,
681 1950 856 2006 quum
895 1932 1104 1992 nullam
1153 1933 1212 1989 in
1253 1932 1531 2009 prioribus
1580 1932 1763 1991 verbis
1816 1932 2005 1992 inesse
2058 1929 2281 1989 videam
2332 1930 2639 2002 rationem,

352 2032 466 2090 qua
493 2014 842 2091 Herodotus,
863 2022 924 2075 ut
951 2016 1042 2075 hic
1069 2014 1237 2075 talem
1259 2015 1679 2093 explicationem
1700 2017 1969 2094 adderet,
1985 2020 2301 2073 commem·
2326 2014 2429 2087 sit3
2474 2015 2645 2073 deni-

351 2118 464 2174 que
498 2100 648 2175 quis,
689 2118 924 2177 quaeso,
973 2101 1074 2157 sibi
1107 2102 1465 2177 persuaserit,
1506 2101 1581 2157 ab
1616 2100 1937 2175 Herodoto,
1980 2098 2202 2160 Graeco
2234 2098 2479 2175 homine,
2520 2118 2641 2157 non

349 2185 430 2243 ita
471 2183 649 2241 multo
695 2191 827 2263 post
877 2182 1097 2243 Persica
1145 2183 1292 2243 bella
1333 2186 1595 2261 florente,
1638 2184 1776 2245 haee
1820 2184 1991 2243 verba
2028 2183 2289 2263 profecta
2330 2201 2478 2243 esse·
2516 2175 2641 2245 ωδε

353 2264 434 2331 ἂν
477 2262 684 2347 ὀρθῶς
725 2264 878 2332 κατεῖ
933 2270 1214 2353 γλῶσσαν
1235 2293 1382 2369 “mv
1440 2267 1741 2348 σφετέρην
1782 2264 2074 2347 ’Ἕλληνες
2124 2267 2427 2338 καλέοιεν,
2484 2286 2641 2344 quae

351 2353 534 2428 magis
587 2353 959 2429 glossatorem
1009 2354 1281 2432 sequioris
1335 2354 1536 2413 aetatis
1591 2354 1847 2413 redolent
1898 2351 2007 2430 (cf.
2064 2350 2309 2458 Etymol.
2362 2350 2521 2429 Mag.
2574 2374 2636 2431 p.

349 2442 475 2513 376,
525 2444 613 2499 51.
665 2458 712 2497 s.
759 2459 815 2499 v.
861 2436 1114 2520 Ἑοξίας.
1181 2439 1461 2519 luterppr.
1506 2440 1581 2499 ad
1626 2438 1828 2517 Steph.
1874 2436 2015 2515 BJz.
2070 2454 2117 2496 s.
2178 2455 2231 2495 v.
2278 2429 2523 2517 Ἀρταῖα
2577 2446 2637 2495 et

351 2526 426 2586 ad
455 2522 514 2581 H
531 2522 720 2602 esych.
767 2544 815 2587 s.
858 2544 912 2583 v.
973 2516 1292 2605 Ἀρταῖοι),
1345 2542 1519 2601 quam
1581 2522 1861 2583 Herodoti
1918 2520 2167 2581 nativam
2228 2520 2637 2604 simplicitatem

349 2608 652 2669 declarant.
752 2610 946 2678 Quare
1007 2610 1114 2669 ista
1167 2616 1266 2668 aut
1322 2610 1491 2687 plane
1546 2626 1615 2667 ex
1675 2606 2005 2679 Herodotea
2058 2605 2315 2665 oratione
2367 2606 2639 2682 ejicienda

349 2712 473 2751 esse
519 2711 758 2771 censeo,
801 2700 902 2752 aut
954 2694 1186 2770 saltem,
1239 2694 1300 2751 id
1359 2694 1517 2769 quod
1564 2692 1685 2767 jam
1742 2694 1993 2751 fecerunt
2050 2687 2307 2749 nonnulli
2364 2690 2637 2764 editores,

349 2776 564 2835 uncinis
638 2777 712 2833 ab
767 2776 983 2851 reliqua
1035 2775 1292 2835 oratione
1353 2776 1726 2852 segreganda.
1832 2776 2049 2835 Caveas
2100 2780 2289 2834 autem
2356 2794 2430 2834 ne
2500 2774 2637 2833 alias

283 2936 287 2941 1
349 2862 478 2918 huic
527 2858 727 2918 similes
778 2860 1053 2919 dictiones
1095 2861 1222 2939 ipso
1267 2859 1340 2919 ab
1380 2860 1680 2918 Herodoto
1739 2861 1960 2937 saepius
2011 2864 2310 2939 usurpatas
2364 2878 2490 2918 cum
2531 2859 2638 2916 illis

349 2942 534 3003 verbis
587 2944 918 3003 confundas,
1006 2942 1100 3002 Ne
1143 2944 1229 3002 cui
1273 2944 1422 3003 forte
1456 2943 1776 3022 scrupulum
1819 2944 2027 3021 injiciat
2070 2963 2139 3003 ea
2168 2961 2259 3004 res
2324 2944 2480 3020 quod
2514 2943 2636 3002 He-

349 3029 646 3086 rodoteam
687 3028 1148 3088 consuetudinem
1201 3026 1434 3104 ejusque
1488 3028 1793 3100 Jonismos,
1826 3034 1889 3087 ut
1932 3024 2191 3108 οὕνομα,
2237 2988 2485 3109 οξρήϊος,
2528 3051 2636 3090 κα-

345 3110 564 3185 λέοιεν,
606 3119 724 3171 tam
771 3118 1030 3172 accurate
1083 3112 1392 3172 aemulatus
1436 3114 1509 3172 sit
1556 3112 1964 3193 interpolator3
2014 3112 2172 3191 quod
2214 3115 2268 3173 ei
2318 3115 2634 3173 necessario

347 3197 665 3257 faciendum
708 3204 848 3271 erat,
887 3199 1007 3257 sive
1043 3196 1249 3275 ingenii
1279 3198 1573 3259 exercendi
1605 3216 1795 3271 causa,
1840 3198 1977 3273 sive,
2021 3197 2071 3255 si
2111 3195 2410 3257 lectoribus
2452 3199 2637 3256 t‘raudi

347 3300 474 3342 esse
514 3282 711 3361 voluit,
756 3292 819 3343 ut
865 3284 1124 3343 fraudem
1181 3299 1348 3359 quam
1410 3282 1836 3343 occultissimam
1888 3284 2169 3341 redderet.
2268 3278 2435 3349 Quae
2486 3283 2631 3341 ratio

346 3372 405 3426 et
449 3366 522 3425 de
564 3366 742 3427 altero
787 3368 932 3427 male
974 3367 1250 3426 inculcato
1292 3366 1769 3472 loco(Vl.12·2)
1809 3386 1843 3425 a
1868 3368 2051 3426 verbis
2092 3367 2363 3429 Καλλίεω
2398 3360 2466 3429 δὲ
2494 3390 2633 3427 του·-

348 3473 457 3513 του
503 3470 679 3528 usque
729 3454 803 3511 ad
859 3453 1030 3511 verba
1086 3450 1271 3513 ἔδωκε
1328 3454 1522 3535 τούτῳ
1589 3456 1669 3551 τῷ
1728 3446 1907 3531 ἄιδρί
1964 3450 2131 3509 valet.
2218 3449 2367 3511 Nam
2420 3452 2636 3511 initium

347 3535 535 3594 statim
579 3535 742 3612 hujus
809 3539 1006 3643 capitis
1065 3538 1336 3600 Καλλίεω
1398 3535 1464 3598 δὲ
1516 3516 1734 3599 τούτου
1792 3534 1967 3609 ἄξιον
2020 3540 2329 3613 πολλαχοῦ
2378 3531 2633 3615 μνήμην

346 3618 472 3683 loti
513 3617 720 3681 πάντα
761 3618 898 3682 rwoi
953 3620 1136 3701 ἔχειν,
1193 3623 1321 3700 ipso
1379 3622 1647 3679 orationis
1700 3620 1891 3679 colore
1940 3620 2159 3695 arguit,
2206 3636 2398 3697 qnam
2426 3622 2635 3698 cupide

348 3705 643 3781 arripuerit
690 3706 1056 3783 interpolator-
1099 3709 1448 3765 occasionem
1491 3707 1565 3764 de
1612 3704 1791 3763 Callia
1832 3722 1899 3764 ea
1948 3704 2284 3783 exponendi,
2330 3719 2477 3780 quae
2514 3706 2633 3781 jam

350 3790 566 3847 dudum
606 3791 662 3847 in
715 3791 898 3848 animo
941 3790 1186 3849 habebat
1227 3809 1569 3869 expromere.
1654 3790 1981 3861 Praeterea,
2050 3795 2115 3847 ut
2158 3790 2442 3861 omittam,
2484 3807 2631 3865 quae

343 3875 464 3951 jam
507 3874 650 3933 alios
689 3875 775 3933 his
818 3876 872 3935 in
918 3876 1100 3933 verbis
1141 3876 1529 3955 offenderunt,
1569 3876 1727 3934 nimis
1778 3892 1974 3953 pressa
2014 3880 2101 3932 est
2149 3879 2271 3931 tota
2324 3873 2449 3948 ejus
2502 3892 2633 3932 ora-

349 3959 465 4032 tio,
507 3966 738 4036 tamque
788 3958 1168 4037 perfunctorie
1215 3978 1332 4019 rem
1384 3961 1524 4035 agit,
1579 3966 1641 4018 nt
1684 3958 2047 4017 Herodoteae
2086 3957 2399 4017 affabilitati
2442 3963 2503 4016 et
2532 3976 2628 4017 ex-

349 4046 596 4185 ἕῖῗζέέἒ
639 4046 1140 4189 «ἕὲἑὴῐῑῖἷίῗέξ
1169 4046 1481 4187 ῖίἓὶἷῖῗῖ
1498 4044 1661 4187 ,ἔξω
1699 4040 2628 4187 {5332122‘3353135'32223

769 4172 784 4188 ·
1110 4171 1127 4199 ι
1570 4188 1575 4191 -
2420 4168 2441 4199 ι

350 4210 540 4281 nimi-3
591 4213 748 4272 abest
799 4215 945 4273 enim
989 4230 1024 4271 a
1065 4212 1344 4287 Mediceo,
1390 4212 1717 4273 Florentino
1766 4219 1825 4271 et
1866 4211 2039 4283 tribus
2078 4210 2199 4271 aliis
2250 4209 2441 4273 Codd:
