2784 4567
389 137 516 204 108
1013 135 1106 196 De
1147 135 1394 197 dialecto
1428 137 1765 198 Herodotea
1804 135 1905 196 lib.
1948 135 2023 197 Π.

385 319 460 370 10
499 305 614 388 τὴν
643 303 728 382 δὲ,
771 303 900 368 ἐπεὶ
925 301 1070 378 τοὺς
1107 305 1332 377 παῖδας
1369 298 1797 384 ἀνδρωθῆναι,
1842 309 2025 368 τοῦτο
2056 304 2165 385 μέν
2196 321 2313 384 σφι
2346 302 2677 386 οὕνοματα

387 394 654 468 θέσθαι,
697 414 755 455 ιι.
797 413 848 452 τ.
889 393 974 463 L,
1016 390 1114 448 ubi
1155 409 1192 448 a
1233 389 1423 448 verbis
1465 384 1581 466 τὴν
1622 386 1691 452 δὲ
1712 432 1736 459 ,
1800 396 1943 449 ante·
1978 389 2104 453 ἐπεὶ
2144 391 2395 468 positis,
2470 393 2677 468 incipit

387 479 688 558 apodosis.
785 475 882 533 IV.
923 480 996 534 33
1051 472 1180 536 ἐπεὶ
1233 473 1298 536 δὲ
1335 507 1427 518 ——-
1480 465 1597 535 οὔκ
1638 473 2039 537 ἅπονοστὲειν
2080 509 2171 520 --
2213 470 2381 537 οὕτω
2436 471 2523 554 δὴ
2574 477 2672 554 ‹pi-

392 585 610 644 ροντας
647 593 736 605 -
775 551 1181 638 ἐπισκήπτειν.
1283 557 1381 621 ΙΧ.
1424 562 1496 618 93
1538 554 1867 638 πρόφαντα
1920 560 1987 621 δέ
2040 577 2155 638 σφι
2200 559 2265 621 ἔν
2307 584 2375 622 τε
2430 555 2671 622 Δωδώ-

389 671 470 734 νῃ
511 646 616 709 καὶ
657 644 726 709 ὃν
767 649 1064 722 Δελφοῖσι
1105 642 1366 724 ἐγίνετο,
1430 641 1559 705 ἐπεί
1614 665 1677 705 τε
1720 635 2083 723 ἕπειραῖτευν
2140 640 2284 716 τούς
2326 641 2668 726 προφήτας

387 755 446 796 ιι.
491 757 544 794 τ.
585 736 634 792 λ.
647 775 668 806 ,
731 729 814 788 sic
854 727 986 791 ἐπεί
1025 749 1090 790 τε
1131 728 1338 786 merito
1377 727 1705 804 Schweigh.
1750 728 1937 787 Gaisf.
2000 729 2093 787 alii
2138 748 2208 789 ex
2250 731 2669 788 emendatione

387 818 612 878 Reiskii
665 817 1002 892 receperunt
1055 831 1162 890 pro
1215 811 1364 870 male
1418 812 1653 886 vuigato
1698 811 1931 880 ἔπειτα,
1992 813 2103 871 hoc
2164 814 2237 871 ab
2296 815 2436 873 loco
2502 815 2669 892 plane

389 901 608 976 alieno,
661 917 834 977 quum
887 903 1166 976 appareat
1207 894 1343 958 ἐπεί
1395 918 1457 958 τε
1499 891 1853 976 ἐπειρώτεον
1894 900 2155 974 protasin
2212 918 2347 958 esse
2410 901 2481 958 et
2523 896 2667 976 πρό·
2770 931 2772 936 ·

393 1009 596 1064 φάντα
639 984 705 1048 δέ
741 1005 804 1044 π.
847 1005 899 1044 τ.
941 986 992 1044 λ.
1051 986 1114 1038 et
1155 982 1222 1043 οἱ
1259 978 1322 1044 δὲ
1355 981 1621 1061 ἔφραζον
1660 1005 1722 1042 ιι.
1772 1005 1820 1042 τ.
1863 987 1917 1042 λ.
1976 984 2280 1058 apodosin.
2359 984 2451 1041 cs.
2501 1003 2671 1061 supra

393 1075 692 1150 p.38sqq.
733 1069 832 1126 IX.
867 1072 940 1126 84
979 1063 1108 1127 ἐπεί
1139 1087 1202 1128 τε
1243 1062 1310 1127 δὲ
1340 1066 1715 1144 Μαρδονίου
1762 1059 1798 1128 ὅ
1840 1061 2059 1146 νεκρὰς
2078 1059 2420 1145 ἠφάνιστο,
2446 1101 2541 1112 ——-
2564 1069 2671 1148 ἔχει

393 1153 464 1218 65
503 1177 640 1214 τινα
683 1146 870 1228 φάτιν
909 1149 1014 1211 καὶ
1039 1144 1527 1230 Διονυσοφάνης
1567 1145 1779 1228 θάψαι
1816 1147 2207 1230 Μαρδόνιον.
2278 1154 2488 1221 Quam
2535 1153 2671 1211 inter

394 1238 654 1317 protasia
699 1242 760 1293 et
801 1234 1082 1312 apoduein
1105 1234 1433 1294 Herodotus
1476 1237 1736 1310 inseruit,
1778 1253 1893 1293 non
1940 1242 2099 1294 certo
2142 1255 2209 1294 se
2252 1238 2435 1309 scire,
2485 1255 2525 1294 a
2566 1257 2669 1314 quo

395 1320 681 1380 Mardonii
723 1320 969 1377 cadaver
1010 1324 1171 1376 esset
1199 1319 1509 1396 sepultum,
1554 1339 1727 1397 quum
1766 1321 1961 1397 plures
2002 1321 2062 1378 id
2106 1322 2178 1378 de
2222 1339 2287 1379 se
2330 1323 2675 1398 praedicas-

397 1413 559 1464 sent:
601 1394 715 1465 ὕπ’
761 1399 902 1467 ὅτευ
945 1399 1053 1482 μὲν
1093 1395 1445 1482 άνθρῶπων
1486 1428 1543 1466 κ.
1575 1427 1626 1466 τ.
1657 1410 1708 1465 λ.
1750 1404 1956 1481 quibus
1998 1407 2357 1482 respondent
2400 1403 2674 1478 πολλοῦς

399 1488 468 1552 δέ
521 1512 694 1560 τινας
743 1521 834 1532 -—
884 1484 1130 1567 ἤκουσα
1179 1510 1237 1548 κ.
1283 1511 1333 1548 τ.
1376 1494 1428 1549 λ.
1512 1489 1823 1566 Postquam
1882 1507 2021 1548 vero
2074 1489 2323 1546 cadaver
2376 1489 2671 1550 Mardonii

395 1575 578 1634 altero
621 1575 718 1632 die
757 1573 1099 1632 subductum
1137 1573 1278 1647 fuit,
1319 1573 1493 1632 habet
1536 1571 1787 1631 nonnihil
1828 1574 2015 1631 famae
2056 1572 2557 1650 Dionysophanes
2598 1576 2671 1632 vir

395 1659 680 1739 Ephesius
720 1660 1014 1736 'sepeliisse
1055 1657 1449 1733 Mardonium,
1504 1676 1847 1734 quamquam
1888 1658 2059 1715 etiam
2103 1658 2197 1715 alii
2240 1658 2451 1735 piures
2500 1661 2567 1717 id
2606 1661 2667 1716 de

399 1765 464 1804 se
505 1745 1005 1822 praedicaverunt,
1050 1744 1201 1801 unde
1241 1750 1457 1801 certum
1499 1762 1615 1799 non
1656 1741 1841 1801 habeo
1888 1743 2077 1800 dicere
2096 1781 2116 1816 ,
2160 1742 2427 1818 quisnam
2480 1764 2668 1802 eorum

397 1849 602 1887 revera
643 1829 704 1884 id
742 1829 962 1886 fecerit.
1048 1825 1124 1885 Et
1167 1829 1251 1886 sic
1310 1824 1445 1890 luel
1483 1849 1547 1888 τε
1602 1833 1759 1884 recte
1811 1832 1909 1884 est
1948 1825 2235 1902 vulgatum
2276 1827 2465 1902 (inei
2496 1827 2569 1891 δὲ
2606 1831 2667 1888 V.

395 1912 498 1979 ἐπὶ
542 1909 606 1973 δὲ
647 1911 738 1989 S.)
801 1931 990 1987 neque
1045 1910 1272 1972 ἔπειτεν
1315 1909 1382 1973 δὲ
1424 1911 1650 1968 Schaef.
1696 1916 1755 1968 et
1798 1910 1985 1975 Gaias,
2044 1912 2309 1988 recipere
2354 1913 2666 1987 debebant,

399 2013 736 2073 quamquam
779 1995 1125 2052 Schaeferus
1165 1991 1224 2052 in
1265 1996 1541 2054 Reiziana
1584 1995 1835 2054 editione
1876 1993 2009 2056 ἐπεί
2050 2017 2113 2056 τε
2160 1993 2227 2056 δὲ
2269 1997 2533 2057 retinnit.
2592 2031 2665 2042 --·

398 2081 518 2138 Sed
575 2077 650 2136 II.
703 2083 770 2136 52
831 2077 1058 2140 ἔπειτεν
1109 2077 1174 2140 δὲ
1227 2113 1316 2124 -
1371 2073 1679 2141 ἐπύθοντο
1734 2085 1891 2138 recte
1946 2079 2181 2137 Reizius
2237 2083 2510 2158 reposuit
2568 2103 2663 2162 pro

391 2163 592 2225 insin
632 2159 729 2236 δὲ,
780 2163 936 2238 quod
983 2162 1238 2226 Gronov,
1283 2163 1473 2222 Wess.
1530 2164 1603 2222 al.
1656 2164 2011 2240 scripserunt
2070 2183 2194 2222 cum
2240 2165 2409 2227 codd,
2476 2167 2545 2226 Ρ.
2587 2168 2661 2230 Μ,

400 2247 498 2309 K.-
523 2245 709 2306 ἔπειτε
753 2245 814 2310 δὲ
854 2246 926 2304 F.
971 2245 1170 2310 ἔπειτα
1209 2245 1274 2309 δὲ
1315 2247 1446 2306 Ald.
1499 2249 1743 2307 aL'cum
1785 2248 1851 2308 S.
1906 2279 1993 2292 —-
2050 2247 2151 2305 IX.
2190 2253 2261 2307 98
2304 2247 2524 2312 ἔπειτα
2568 2244 2666 2314 άν-

401 2329 744 2411 ενειχθέντα
793 2331 1010 2407 vulgat.
1064 2331 1257 2394 ἐπείτε
1297 2333 1443 2390 maie
1484 2333 1615 2393 cod.
1658 2334 1758 2408 S.‚
1816 2333 1923 2390 sed
1984 2332 2216 2393 Schaef.
2268 2333 2529 2397 ἔπειτεν.
2588 2369 2663 2380 -—

397 2415 511 2491 At,
601 2417 709 2474 etsi
767 2417 928 2476 locus
983 2418 1092 2476 iste
1158 2418 1311 2494 apud
1369 2417 1635 2476 Eustath.
1706 2435 1777 2475 ex
1842 2415 2123 2492 Dionysio
2190 2417 2459 2478 laudatus
2530 2441 2665 2480 non-

394 2501 535 2562 nihil
579 2502 918 2580 suspicionis
961 2503 1096 2560 mihi
1137 2507 1348 2577 movet,
1389 2508 1493 2558 ant
1526 2519 1643 2558 non
1686 2509 1841 2560 recte
1868 2503 2171 2560 memoriae
2206 2505 2529 2564 tradidisse
2557 2507 2665 2564 Eu-

398 2587 696 2662 stnthinm,
733 2591 852 2646 aut
893 2605 1010 2645 non
1053 2593 1215 2647 recte
1233 2587 1625 2665 ¹praecepisse
1668 2583 2041 2665 Dionysium,
2098 2587 2305 2664 qnippe
2350 2590 2456 2663 qui
2502 2593 2665 2649 etiam

395 2672 733 2730 vocabulum
775 2667 930 2733 εἶτεν
973 2672 1272 2730 Herodoto
1328 2671 1386 2728 in
1430 2691 1539 2728 usu
1590 2670 1769 2729 fuisse
1812 2673 2205 2745 contenderit,
2260 2691 2437 2748 quum
2486 2695 2663 2753 neque

401 2751 529 2816 εἶτα
573 2773 758 2830 neque
801 2749 952 2815 εἶτεν
994 2755 1206 2812 nostris
1251 2757 1308 2812 in
1351 2757 1511 2813 libris
1554 2756 1832 2831 invenias,
1872 2761 2063 2814 tamen
2104 2756 2277 2813 multo
2320 2757 2591 2834 pluribus
2616 2761 2662 2817 in

397 2837 574 2911 locis,
645 2855 814 2913 quam
865 2854 1016 2894 nunc
1074 2839 1399 2914 conjectura
1454 2840 1573 2898 erui
1615 2844 1846 2917 potest,
1910 2859 1985 2899 ne
2031 2841 2216 2900 dicam
2258 2841 2317 2898 in
2382 2844 2662 2920 οωιιίὺιιε,

401 2921 628 2983 ἔπειτεν
684 2921 756 2977 ab
799 2920 1095 2979 Herodoto
1151 2924 1280 2999 ipso
1322 2925 1571 3002 positum
1613 2925 1823 2999 fuisse,
1872 2927 2005 3001 jure
2056 2927 2259 2983 merito
2312 2930 2663 2986 contendere

398 3004 535 3063 mihi
563 3004 779 3062 videor.
862 3004 1016 3062 Nam
1051 3005 1298 3079 ἔπειτεῦ,
1339 3010 1497 3085 quod
1541 3009 1709 3068 etiam
1752 3027 1787 3066 a
1814 3009 2061 3068 Pindaro
2105 3015 2440 3090 usurpatum
2489 3014 2663 3088 vides,

401 3087 506 3166 (cf.
551 3086 720 3162 Pyth.
762 3087 861 3163 1V,
901 3095 1028 3150 211.
1057 3090 1231 3152 Nem.
1272 3091 1375 3167 111,
1421 3099 1507 3154 54.
1554 3093 1631 3152 cf.
1664 3090 1861 3154 Herm.
1904 3094 2120 3173 Opusc.
2164 3095 2211 3170 I,
2255 3115 2313 3172 p.
2344 3100 2474 3154 265.
2520 3095 2660 3156 Lob.

400 3171 610 3249 Phryn.
655 3191 712 3250 p.
737 3172 894 3249 124),
939 3193 973 3231 a
1015 3173 1345 3252 Megarensi
1388 3178 1542 3254 apud
1588 3177 1877 3257 Aristoph.
1910 3179 2158 3238 Acharn.
2196 3183 2297 3239 745
2341 3179 2512 3258 (710)
2561 3178 2664 3264 κῇ-

399 3279 596 3320 πειτεν
657 3255 719 3332 ἐς
775 3253 913 3343 τὸν,
942 3255 1175 3323 σάκκον
1219 3249 1330 3324 ὧδ’
1379 3261 1707 3341 ἐσβαίνετε,
1764 3269 1823 3320 et
1878 3282 1913 3320 a
1953 3265 2370 3341 posterioribus
2414 3267 2663 3344 saepius,

397 3349 628 3402 constat
671 3343 790 3402 fere
835 3344 984 3404 inter
1029 3363 1226 3404 omnes
1266 3345 1522 3404 Ionicum
1568 3366 1717 3411 esse.
1801 3345 2071 3407 Attamen
2104 3349 2492 3422 Herodotum,
2538 3369 2662 3409 vere

397 3427 591 3484 Ionice
641 3427 1002 3508 loquentem,
1045 3431 1202 3489 nullo
1234 3430 1390 3505 loco,
1438 3431 1518 3488 uti
1564 3433 1747 3489 nostri
1790 3432 1963 3490 codd.
2007 3432 2149 3498 Mss,
2190 3433 2460 3508 suadent,
2504 3436 2664 3492 istam

393 3509 646 3568 ‹Ionicam
701 3512 945 3573 formam
1001 3533 1309 3594 usurpasse
1329 3558 1346 3590 ,
1414 3515 1725 3592 putemus?
1809 3515 2074 3594 Minime,
2135 3521 2308 3594 atque
2350 3518 2503 3576 a'deo
2546 3519 2663 3577 aliis
2766 3529 2768 3544 ¹

399 3593 569 3652 etiam
613 3596 672 3653 in
714 3595 890 3675 locis,
947 3601 1043 3659 ubi
1088 3601 1372 3660 dissensio
1417 3598 1691 3658 librorum
1735 3601 2120 3678 conjecturam
2165 3603 2455 3676 admittit,
2516 3603 2663 3661 Ioni-

400 3699 525 3737 cum
570 3678 806 3744 ἔπειτεν
832 3685 1245 3745 restituendnm
1288 3703 1420 3760 esse
1464 3703 1695 3743 censeo.
1780 3685 1879 3743 Sic
1920 3681 2059 3744 vera
2114 3687 2399 3765 scriptura
2442 3685 2662 3750 ἔπειτεν

400 3763 494 3822 VI.
533 3769 604 3824 83
645 3767 778 3825 mihi
821 3766 1002 3828 latere
1045 3770 1270 3828 videtur
1313 3769 1371 3824 in
1408 3775 1679 3847 corrupta
1739 3770 1988 3829 lectione
2034 3772 2209 3835 codd.
2248 3771 2313 3833 S.
2359 3771 2427 3827 V.
2478 3772 2662 3836 ἐπείτε

397 3881 482 3894 --
525 3848 836 3932 ἐξέβαλον,
891 3871 998 3928 pro
1043 3871 1159 3930 quo
1203 3871 1397 3911 omnes
1442 3853 1723 3913 editiones
1768 3853 1969 3916 ἔπειτα
2011 3873 2161 3916 nunc
2202 3855 2507 3934 praebent,
2594 3855 2661 3915 Et

397 3933 606 3992 ibidem
652 3935 844 4012 paullo
889 3942 1028 4012 post
1080 3937 1364 4013 scriptura
1408 3938 1621 3997 codicis
1650 3939 1713 3997 S.
1756 3936 1901 4012 τέως
1942 3938 2050 4016 μὲν
2092 3974 2178 3983 -
2224 3939 2412 4002 ἐπείτε
2457 3938 2524 4002 δὲ
2568 3940 2659 4017 (ἕ-

397 4041 572 4081 πειτα
617 4015 926 4091 editiones)
969 4020 1044 4075 ad
1101 4037 1292 4079 verum
1337 4020 1565 4084 ἔπειτεν
1626 4040 1734 4082 nos
1780 4025 1992 4083 ducere
2032 4031 2249 4102 potest.
2332 4021 2657 4104 Eodemque

397 4103 569 4156 modo
612 4097 710 4160 VI.
757 4102 823 4156 91
884 4118 992 4173 pro
1051 4103 1304 4162 codicum
1346 4105 1427 4163 Κ.
1470 4105 1543 4162 F.
1588 4105 1647 4166 b.
1690 4116 1957 4184 corrupta
2000 4110 2288 4187 scriptura
2316 4108 2433 4171 καὶ
2478 4109 2659 4174 ἐπείτε

402 4216 485 4226 —
573 4183 826 4258 ἐξῆγον,
883 4189 979 4240 aut
1029 4200 1134 4260 pro
1190 4188 1425 4262 vulgata
1486 4185 1717 4264 ἔπειτα,
1775 4195 1975 4268 reponi
2032 4193 2199 4252 velim
2256 4191 2507 4257 ἔπειτεν.
2591 4195 2660 4257 cf.

2766 1131 2773 1276 0

2762 4447 2767 4526 1
