2784 4567
836 158 926 219 De
973 158 1212 220 dialecto
1245 158 1579 222 Herodotea
1620 161 1713 221 lib.
1764 159 1805 218 1.
2344 158 2429 227 ³1

153 318 228 385 vo*
256 318 394 399 ἱρόν
415 320 480 385 τὸ
507 322 572 388 ἐν
603 317 899 405 Ἐλευσῖνι
917 316 1272 406 ἀνάκτορον,
1299 326 1409 398 sed,
1442 343 1617 402 quum
1642 345 1917 405 nusquam
1948 326 2077 392 alibi
2098 329 2425 392 Herodotus

153 408 236 464 de
269 408 490 465 Cereris
542 408 754 487 templo
799 410 991 479 diceus
1037 412 1136 493 (cf.
1178 408 1278 471 VI.
1323 413 1411 471 75.
1455 410 1601 471 VIII.
1640 416 1723 471 65.
1766 410 1865 475 lx.
1910 418 1995 472 62.
2032 418 2119 483 67.
2152 418 2237 475 97.
2276 416 2424 494 101»)

150 491 296 548 illud
347 486 688 570 ἀνάκτορον
741 494 1038 567 addiderit,
1105 494 1445 570 omninoque
1498 496 1581 552 sic
1633 500 1860 563 tantum
1907 496 2062 572 loqui
2120 518 2426 571 consueve-

154 576 262 633 rit:
313 572 447 653 ἱρᾶν
487 571 552 637 to'
585 576 649 637 ἐν
692 575 1024 653 Διδύμοισι
1070 576 1168 637 VI.
1207 581 1275 637 19
1318 584 1378 637 et
1432 578 1561 635 alibi
1604 578 1819 651 similia,
1876 582 2106 655 conjicio
2165 574 2423 657 ἀνάκτο-

153 682 277 732 ρον·
311 678 378 715 ex
420 660 918 737 interpretamento
961 660 1174 719 illatum
1216 680 1371 733 esse3
1417 680 1585 737 quam
1634 682 1815 721 meam
1849 664 2223 739 conjecturam
2260 668 2425 735 etiarn

153 743 371 803 Suidae
402 743 472 820 (ε.
507 762 562 800 v.
601 740 854 819 ἄνακτες
897 742 961 804 οἷ
999 742 1138 805 θεοὶ
1182 745 1287 805 καὶ
1339 738 1645 825 ἀνάκτορα
1698 742 1771 806 τά
1824 742 1957 828 ἱερά
1981 789 1997 806 .
2026 743 2426 829 Ἀνακτόριον,

155 821 330 905 ἱερόν
363 868 380 895 .
407 816 756 907 Ἀνάκτορα,
805 822 879 887 τὰ
924 820 1541 905 ἱερά-Ἀνακτορίαν,
1586 832 1972 903 δεσποτείαν,
2020 830 2125 896 καὶ
2177 826 2429 897 ἀνακτί-

151 932 306 985 ραιν,
349 909 676 991 ἰερατειρῖν,
719 910 812 967 ubi
844 910 972 970 vide
1019 910 1254 988 Bernh.)
1279 918 1338 970 et
1373 912 1641 988 Hesychii
1672 907 2061 994 (ἀνακτόρων
2108 913 2295 996 ἱερόν,
2334 915 2429 975 ubi

151 994 292 1051 vide
332 993 642 1073 Interppr.)
699 994 923 1077 glossae
973 994 1305 1053 confirmare
1352 996 1615 1055 videntur
1666 998 1830 1074 (vide
1878 1006 1939 1057 et
1986 1000 2161 1060 Bekk.
2216 999 2427 1069 Anecd.

151 1098 216 1155 p.
262 1084 390 1148 202,
433 1082 524 1136 33.
573 1083 698 1148 212,
760 1084 846 1136 12.
886 1080 1011 1147 277,
1055 1084 1140 1136 13.
1183 1082 1309 1154 391,
1342 1084 1378 1137 3
1430 1086 1493 1137 et
1540 1080 1706 1137 Piers.
1760 1081 1935 1140 Moer.
1991 1102 2050 1161 p.
2114 1086 2181 1142 77
2234 1090 2301 1153 ef.
2334 1085 2430 1145 11:-

153 1168 400 1237 terppr..
432 1158 508 1217 ad
559 1158 844 1238 Aristoph.
889 1159 1028 1219 Avv.
1071 1164 1208 1236 800)
1249 1169 1309 1219 et
1358 1162 1455 1235 id,
1496 1164 1651 1241 quod
1702 1164 1793 1225 alii
1844 1184 1969 1225 cum
2030 1168 2196 1228 codd.
2246 1169 2310 1225 S.
2355 1168 2424 1225 V.

157 1262 215 1301 a.
263 1262 312 1301 c.
359 1242 416 1301 d.
467 1244 809 1321 scripserunt
852 1237 1230 1323 ἀνακτόρων,
1281 1245 1437 1323 unde
1478 1247 1819 1327 manifestior
1868 1250 2035 1311 etium
2066 1250 2134 1309 fit
2176 1251 2428 1328 interpr.-

151 1326 314 1385 latio.
401 1327 590 1385 Etiam
623 1328 748 1406 ipsa
793 1327 1086 1389 verborum
1120 1328 1411 1394 collocatio
1452 1348 1661 1391 nomeu
1700 1325 2040 1412 ἀνάκτορον
2076 1335 2223 1397 male
2258 1336 2426 1395 addi·-

149 1418 286 1468 tum
329 1428 451 1467 esse
491 1412 711 1488 argui13
761 1408 1090 1477 Herodotus
1130 1412 1274 1471 enim
1321 1412 1444 1489 ipse
1484 1414 1633 1477 hunc
1670 1421 1815 1491 puto
1862 1419 2226 1493 praetulisset
2272 1420 2430 1477 ordi-

155 1512 322 1553 nem:
361 1491 429 1557 τό
469 1493 532 1555 ἐν
570 1491 860 1555 Ἐλευσῖνι
911 1491 1048 1576 ἱρὸν
1097 1492 1182 1558 τό·
1211 1489 1585 1576 ἀνάκτορον,
1632 1500 1722 1558 vel
1776 1496 1844 1561 τό
1888 1494 2251 1581 ἀνακτόρων
2296 1499 2429 1581 ἱρὸν

154 1574 230 1641 τὸ
275 1577 340 1639 ἐν
382 1572 693 1649 Ἐλευσῖνι,
739 1578 829 1639 vel
873 1574 941 1641 τὰ
996 1576 1132 1659 ἱρᾶν
1187 1574 1527 1655 ἀνάκτορον
1590 1575 1657 1641 τό
1714 1581 1780 1644 ἐν
1835 1576 2163 1657 Ἐλευσῖνι,
2216 1585 2307 1642 vel
2358 1582 2427 1647 τὲ

159 1656 506 1737 ἀνάκτορον
553 1658 688 1740 ἱρόν
729 1658 796 1723 τὸ
847 1662 913 1723 ἐν
967 1657 1282 1736 Ἐλευσῖνι,
1345 1666 1439 1721 vel
1480 1660 1547 1725 τδ
1604 1663 1670 1725 ἐν
1722 1660 2023 1733 Ἐλευσῖνι,
2071 1663 2431 1745 ἀνακτόρων

161 1740 320 1820 ἱρόν.
407 1745 581 1812 Quod
630 1765 804 1821 quum
845 1747 924 1803 ita
974 1748 1070 1815 sit,
1129 1742 1473 1823 ἀνάκτορον
1526 1754 1585 1805 et
1636 1740 1995 1825 ἀνακτόρων
2052 1770 2121 1809 ex
2176 1751 2433 1813 oratioue

159 1830 496 1892 Herodotea
537 1830 778 1909 expulsis
820 1830 908 1887 vel
951 1836 1100 1888 certe
1141 1831 1294 1901 uncis
1328 1829 1553 1887 inclusis
1602 1829 1787 1889 nullus
1846 1831 2062 1904 dubito,
2110 1834 2247 1909 quin
2300 1852 2432 1903 vera

162 1914 504 1971 Herodotea
545 1914 833 1972 exsistant.

338 1995 634 2057 Praeterea
665 1995 980 2075 saepissime
1024 1996 1374 2073 simplicia
1426 2002 1499 2055 et
1544 1999 1945 2074 composita
1999 2000 2143 2059 inter
2188 2020 2261 2065 se
2302 2020 2431 2077 per-

161 2086 472 2159 mutantur,
518 2082 577 2138 id
623 2081 776 2155 quod
797 2132 802 2139 .
825 2082 1034 2138 sactum
1093 2096 1217 2151 ¹esse
1272 2081 1534 2159 imprimis
1590 2101 1624 2139 a
1682 2082 2085 2161 lexicographis
2112 2110 2125 2117 ⁷
2149 2085 2429 2145 veteribus

163 2174 368 2223 notum
408 2170 514 2238 est,
557 2182 743 2239 neque
795 2183 918 2223 eum
962 2164 1183 2231 latebit.
1239 2168 1334 2241 qui
1369 2164 1561 2243 paullo
1604 2169 1915 2225 accuratius
1968 2176 2197 2231 nostras„
2242 2168 2431 2242 λέξεις

158 2242 482 2327 Ἡροδότου
525 2248 967 2326 perlustraverit3
1015 2249 1084 2306 cf.
1122 2246 1310 2307 Valck.
1355 2251 1447 2311 ad.
1474 2250 1689 2311 Herod.
1727 2251 1822 2311 VI.
1855 2256 1921 2311 75
1966 2260 2025 2311 et
2054 2252 2175 2314 Vll.
2198 2256 2427 2315 207.—

167 2332 213 2390 1.
262 2335 361 2394 107
403 2326 553 2393 αὐτά
597 2330 810 2395 ἕκαστα
853 2325 1143 2408 ἐκμαθών
1187 2334 1319 2391 edd.
1378 2338 1515 2391 vett.
1560 2341 1695 2393 ante
1738 2334 2021 2405 Gronov„
2080 2338 2181 2395 sed
2234 2355 2433 2398 omnes

163 2415 342 2474 nostri
391 2415 525 2473 Mss.
578 2412 820 2493 μαθών,
871 2418 943 2473 cf.
991 2413 1304 2493 Schweigh.
1353 2416 1458 2473 lex.
1518 2416 1737 2475 Herod.
1790 2436 1836 2475 s.
1882 2438 1935 2475 v.
1992 2418 2304 2494 ἐκμαθεῖν.
2346 2449 2430 2463 --

167 2499 271 2559 lx.
320 2502 388 2555 49
440 2498 904 2575 ἔςακονξίζοντές
949 2520 1009 2559 τε
1058 2500 1159 2557 καὶ
1223 2492 1631 2571 ἐςτοξεύοντες
1684 2519 1833 2560 nunc
1889 2508 2043 2558 recte
2095 2502 2248 2575 vulg.
2304 2516 2435 2560 cum

167 2584 229 2639 S.
279 2582 343 2640 V.
379 2582 484 2639 Alii
522 2578 879 2657 τοξεύοντες.
933 2613 1016 2624 —-
1057 2580 1137 2637 Et
1179 2582 1501 2659 saepissime
1551 2582 1713 2653 alibi3
1778 2582 1905 2639 vide
1955 2582 2085 2637 Var.
2152 2582 2311 2639 Lect.
2356 2582 2459 2647 ad,

168 2665 212 2723 1.
262 2672 344 2729 ll.
382 2673 466 2725 22.
517 2672 603 2726 35.
647 2670 734 2725 36.
780 2669 867 2723 47.
912 2670 997 2723 53.
1039 2669 1126 2721 58.
1175 2668 1260 2722 63.
1306 2667 1391 2723 73.
1434 2667 1521 2721 86.
1566 2668 1651 2723 94.
1699 2670 1814 2725 103.
1854 2668 1941 2723 80.
1988 2667 2105 2723 127.
2142 2670 2265 2726 110.
2310 2670 2433 2725 114·

171 2755 290 2807 122.
343 2754 461 2811 161.
506 2748 578 2810 II.
627 2754 745 2808 108.
811 2745 905 2807 ΙΠ.
933 2754 1022 2807 24.
1076 2750 1158 2807 79.
1224 2744 1346 2808 VII.
1402 2750 1488 2807 37.
1547 2743 1697 2809 VIH.
1756 2750 1874 2809 107.
1950 2747 2051 2808 IX.
2105 2752 2139 2806 9
2192 2754 2253 2807 et
2302 2747 2433 2807 alibi

168 2851 270 2891 sae
311 2852 410 2891 ms.

269 2854 436 2975 pSic
475 2928 536 2975 et
595 2934 676 2975 ex
728 2914 999 2974 duobus
1046 2913 1506 2972 continuatis
1558 2914 2253 2991 praepositionibus,
2308 2914 2439 2991 qui-.

173 3002 282 3058 bus
337 3000 567 3058 verbum
610 3001 898 3075 quoddam
948 2997 1305 3074 subjunctum
1351 3004 1459 3070 est,
1513 2998 1691 3057 altera
1728 3000 2333 3069 interdumomittitur:
2382 2998 2429 3067 Ι,

172 3090 278 3142 212
319 3080 737 3147 §nummum
774 3082 990 3159 vulgat.
1039 3102 1217 3153 nunc;
1264 3081 1355 3139 alii
1410 3076 1789 3155 ἀνακλαίειν,
1848 3084 1978 3143 vide
2031 3082 2305 3159 Interppr.
2354 3082 2435 3153 ad

172 3168 232 3230 h.
277 3168 378 3226 loc.
423 3200 510 3212 --
548 3172 618 3227 36
662 3165 1022 3240 συνεξελέειν
1062 3166 1128 3223 F.
1177 3168 1445 3238 ξυνελεῖν
1501 3167 1562 3224 S.
1608 3196 1693 3211 —-
1735 3164 1830 3226 111.
1890 3170 1963 3225 86
2021 3161 2433 3239 διεξελαυνόν-

175 3274 294 3310 των
341 3250 492 3329 vulg.
551 3249 1008 3313 διελαυνόντων.
1035 3250 1094 3307 S.
1146 3248 1208 3307 V.
1289 3251 1389 3308 117
1444 3242 1715 3321 διεξόδου
1764 3249 1917 3325 vulg.
1970 3243 2185 3322 ἐξόδου
2230 3250 2311 3309 Μ.
2366 3246 2433 3316 Β.

173 3333 250 3393 Κ.
285 3334 352 3399 F.
399 3368 479 3379 --
525 3335 598 3394 V.
636 3339 730 3393 99.
751 3328 1178 3411 συνδιήνεικαν
1224 3331 1378 3407 vulg.
1424 3327 1793 3410 συνήνεικαν
1834 3332 1901 3390 F.
1946 3332 2020 3391 al.
2066 3332 2216 3409 (coll.
2239 3331 2283 3392 J.
2316 3334 2434 3407 79).

341 3418 770 3495 Composita
812 3416 1030 3475 verba
1073 3435 1200 3473 cum
1239 3416 1407 3473 aliis
1456 3416 1915 3493 compositis:
1973 3414 2019 3477 1.
2067 3420 2131 3475 17
2176 3410 2439 3485 ἀπέσπα.

178 3498 440 3581 κατέσπα
493 3497 554 3559 Ρ.
606 3503 666 3561 S.
711 3500 842 3571 Ald.
912 3504 980 3559 59
1023 3493 1401 3579 παρατυχών.
1448 3493 1738 3577 ἐπιτυχών
1782 3518 1835 3557 e.
1882 3504 1980 3559 112
2016 3499 2440 3577 ἐποψομένους

178 3582 256 3645 Κ.
308 3584 379 3645 Β.
425 3584 503 3643 Μ.
557 3584 626 3645 F.
669 3605 720 3643 a.
783 3605 832 3643 c.
889 3581 1346 3661 κατοψομένους
1400 3584 1460 3641 S.
1518 3580 1647 3640 Ald.
1692 3616 1776 3629 -—
1828 3586 1929 3641 119
1974 3576 2443 3653 ἀποκαλύπτειη.

179 3661 616 3743 ἀνακαλύπτειν
664 3668 735 3727 R.
779 3675 909 3741 ,120
951 3662 1489 3748 παρακελευόμεθα
1532 3666 1627 3725 Μ..
1657 3666 1731 3724 R.
1776 3667 1838 3726 S.
1881 3665 1956 3723 K.
2000 3666 2068 3725 F.
2112 3672 2245 3729 a.'c.
2304 3668 2439 3727 δια-

177 3746 550 3833 κελευόμεθα
593 3751 722 3809 Ald.
769 3752 824 3811 b.
845 3753 928 3823 ‚d.
989 3750 1058 3813 ll.
1102 3755 1172 3809 49
1215 3744 1657 3827 ἐξηγησάμενος
1706 3751 1762 3807 d.
1806 3770 2087 3831 κατηγηο.
2129 3752 2207 3811 Μ.
2258 3750 2321 3809 P.
2361 3746 2439 3819 Κ.

177 3833 246 3901 F..
292 3830 550 3917 ἀπηγησ.
597 3834 728 3893 Ald.
775 3836 840 3895 S.
864 3854 937 3907 a.
995 3834 1051 3891 b.
1093 3854 1140 3891 c.
1175 3866 1259 3877 —-
1293 3830 1447 3893 ἄλλα
1485 3856 1546 3895 τε
1592 3830 1783 3896 πολλοὶ
1806 3832 2255 3915 ἐςηγήσασθαι.
2282 3820 2443 3904 ἀμην,

176 3916 490 4003 γήσαοθαι
533 3918 662 3979 Ald.
732 3922 832 3979 173
889 3910 1176 3997 προάγων
1211 3912 1473 3977 σεωυτόν
1498 3960 1515 3975 .
1546 3910 1801 3994 ἀπάγων
1851 3919 1912 3976 S.
1994 3918 2091 3977 111.
2133 3921 2170 3976 8
2204 3913 2445 3989 meniu„

180 4008 461 4082 ροῦντες.
490 4001 936 4082 ὖποξυροῦντες
976 4003 1038 4059 S.
1111 4006 1182 4061 14
1223 3995 1603 4073 ἀπέκλαυσας
1648 4002 1707 4059 S.
1754 4000 1827 4057 V.
1872 3998 1945 4067 K
1992 3998 2059 4057 P.
2104 3998 2176 4055 R.
2222 3994 2287 4049 F·
2329 3991 2445 4052 Pae-

179 4091 268 4149 ris.
317 4082 684 4163 ἀνέκλαυσας
732 4086 811 4145 Μ.
857 4084 985 4144 Ald.
1043 4084 1140 4143 VI.
1179 4089 1251 4143 82
1301 4078 1575 4164 ἀπέφυγε
1620 4084 1681 4141 S.
1727 4082 1796 4141 V.
1850 4096 1907 4141 a.
1948 4098 1997 4137 c.
2058 4076 2187 4137 Ald.
2238 4073 2342 4152 (cf.
2384 4082 2447 4145 et,

179 4174 248 4233 11.
301 4170 436 4249 174)
475 4170 722 4250 διέφυγε
769 4169 847 4228 Μ.
901 4168 965 4227 Ρ.
1009 4166 1081 4225 K.
1129 4167 1194 4225 F.
1244 4168 1296 4225 b.
