2784 4567
367 137 492 204 120
993 133 1085 194 De
1129 135 1372 194 dialecto
1410 133 1745 194 Herodotea
1786 133 1885 196 lib.
1927 134 2003 194 11.

477 349 496 366 .
533 305 784 366 Restant
819 310 1005 363 autem
1045 303 1298 362 nonnulli
1339 302 1451 362 loci
1494 303 1587 361 ubi
1630 307 1827 374 κεῖνος
1864 302 2083 360 nostris
2123 299 2183 360 in
2223 300 2659 379 exemplaribus

367 393 668 464 retinetur,
712 407 898 466 neque
939 389 1056 446 ulla
1095 388 1342 446 varietas
1379 407 1415 446 e.
1456 388 1627 446 codd.
1660 387 1804 446 Mss.
1848 387 2127 444 adnotata
2164 391 2257 444 est
2300 385 2353 447 I.
2396 393 2493 445 11.
2532 393 2655 446 120.

371 483 492 538 122.
533 479 656 534 207.
713 475 815 532 Ill.
860 478 947 533 74.
989 479 1094 532 140
1137 467 1239 550 (σύ
1278 477 1476 543 κεῖνος
1527 467 1634 548 εἷ).
1693 471 1791 529 IV·
1830 475 1883 530 9.
1954 471 2023 527 V.
2066 475 2135 529 13
2172 467 2305 544 (καὶ
2350 471 2416 530 τί
2463 477 2657 533 κεῖνοι

371 559 679 630 ἐθέλοντες
721 561 806 618 sic
829 569 996 616 ‘nunc
1047 577 1172 616 cum
1217 558 1385 618 codd.
1424 557 1504 614 Μ.
1540 556 1607 617 Ρ.
1652 555 1718 616 V.
1762 556 1838 614 Κ.
1889 556 1955 614 S.
1996 553 2069 618 F
2112 554 2297 612 Paris.
2391 555 2559 614 Olim
2601 555 2657 614 τί

370 642 450 724 δὴ
495 643 728 719 κεῖνοι)
812 643 879 700 V.
921 648 992 702 23
1044 640 1252 720 μηκέτι
1303 647 1525 710 κεῖνος.
1590 645 1663 700 82
1708 634 1781 716 δὴ
1832 639 2054 710 κείνας.
2112 641 2204 698 87.
2276 639 2375 702 Vl.
2428 645 2523 702 13.
2586 643 2654 698 69

369 723 692 806 (τοιούτων
736 725 984 802 κεῖνος).
1054 726 1178 785 Vll.
1214 733 1306 800 50,
1348 731 1383 784 2
1428 717 1841 803 (ὁμοιεύμενοι
1858 720 2185 799 κείνοισι).
2245 729 2354 782 103
2402 725 2493 800 (εἰ
2539 720 2651 804 yde

370 815 641 887 κείνων).
685 817 790 871 136
809 810 1384 889 (Λακεδαιμονίοισι
1417 811 1681 883 κείνους,
1724 809 1803 870 cf.
1826 814 1885 867 et
1905 809 2069 866 Eust.
2110 807 2184 866 ad
2222 807 2651 882 Il.110‚30=

369 905 462 975 83,
483 895 606 977 21).
628 897 778 956 Vlll.
803 901 886 956 58.
911 901 1000 958 61.
1025 897 1122 954 IX.
1147 901 1237 954 52.
1259 900 1330 954 53
1352 891 1464 967 (ἔτι
1480 894 1741 972 κείνου).
1770 897 1839 951 90
1860 885 2257 970 (ἀξιομάχους
2274 891 2601 970 κείνοισι).

541 984 728 1051 Quum
769 979 942 1056 igitur
983 981 1265 1056 integram
1309 978 1551 1036 formam
1604 978 1835 1050 ἐκεῖνος
1878 977 1958 1034 ita
2000 976 2394 1054 praevaluisse
2439 976 2653 1034 videri-

369 1089 494 1128 mus
514 1108 533 1141 ,
587 1072 652 1124 ut
694 1067 815 1162 eJ'us
857 1065 1215 1123 multitudine
1258 1063 1425 1122 facile
1472 1063 1761 1121 contraria
1805 1061 2061 1139 exempla
2120 1058 2484 1136 obruantur,
2538 1081 2651 1120 non

369 1153 554 1210 solum
603 1151 676 1209 iis
721 1149 780 1206 in
821 1148 998 1222 locis,
1056 1150 1154 1206 ubi
1205 1149 1431 1206 variant
1473 1147 1634 1222 libri,
1692 1165 1933 1224 quorum
1988 1145 2219 1221 quidem
2268 1145 2547 1222 plerique
2598 1149 2651 1203 in

371 1237 555 1294 forma
598 1232 823 1304 ἐκεῖνος
889 1233 1196 1290 scribenda
1243 1233 1644 1305 consentiunt,
1710 1232 1815 1289 sed
1858 1230 2027 1289 etiam
2070 1230 2128 1287 in
2173 1229 2275 1304 iis,
2335 1231 2439 1288 ubi
2504 1229 2653 1288 nulla

368 1319 615 1378 varietas
651 1316 957 1374 adnotatur
1003 1323 1064 1374 et
1098 1315 1283 1374 adhuc
1323 1322 1523 1388 κεῖνος
1563 1317 1837 1394 scriptum
1886 1320 2103 1389 exstat,
2147 1311 2331 1370 solum
2373 1315 2653 1372 Herodo-

369 1411 522 1462 teum
560 1402 788 1472 ἐκεῖνος
817 1401 1207 1479 reponendum
1238 1419 1372 1460 esse
1403 1419 1633 1458 censeo.
1720 1400 1928 1476 Neque
1968 1399 2115 1457 enim
2158 1397 2491 1458 audiendos
2528 1418 2653 1457 esse

367 1485 772 1566 grammaticos
815 1485 917 1559 (cf.
949 1485 1126 1562 Greg.
1159 1485 1294 1543 Cor.
1325 1485 1363 1542 l.
1393 1503 1569 1562 supra
1594 1484 1768 1558 laud.,
1798 1491 1857 1541 et
1883 1484 1956 1541 de
1980 1481 2309 1540 Aristarcho
2341 1483 2652 1542 Thiersch.

368 1593 458 1650 gr.
515 1591 604 1646 gr.
649 1589 709 1646 p.
749 1574 855 1630 263
899 1570 991 1630 ed.
1037 1577 1150 1626 tert
1156 1569 1236 1646 .)‚
1290 1576 1488 1642 κεῖνος
1536 1569 1788 1628 lonicum
1834 1587 1963 1626 esse
2014 1567 2093 1624 ita
2138 1567 2291 1624 nude
2344 1567 2651 1642 docentes,

367 1675 495 1716 meo
536 1654 670 1714 mihi
707 1654 836 1731 jure
879 1660 1132 1713 statuere
1175 1655 1398 1715 videor.
1484 1654 1550 1712 In
1580 1654 1814 1712 Homeri
1855 1653 2087 1728 quidem
2131 1652 2527 1728 carminibus,
2590 1671 2653 1710 ex

367 1741 574 1818 quibus
609 1739 748 1796 illud
782 1746 1153 1817 praeceptum
1189 1738 1340 1798 haud
1388 1738 1559 1796 dubie
1594 1743 1686 1796 est
1729 1739 1945 1812 datum,
1990 1736 2155 1794 metri
2194 1755 2365 1794 causa
2393 1736 2653 1814 plerum-

368 1844 479 1904 que
521 1823 746 1882 brevior
782 1824 944 1898 hujus
988 1825 1343 1900 pronominis
1375 1825 1558 1881 forma
1588 1821 1905 1896 exhibetur,
1948 1819 2186 1879 scenicis
2227 1839 2469 1897 quoque
2516 1841 2653 1900 poe-

367 1912 445 1967 tis
489 1908 732 1976 usitata3
776 1912 838 1964 ut
879 1905 1050 1983 plane
1077 1907 1362 1983 poeticam
1401 1907 1553 1966 illam
1579 1924 1839 1981 vocares,
1882 1906 1991 1964 nisi
2034 1905 2205 1962 docta
2246 1906 2655 1963 nonnullorum

366 1991 792 2072 philologorum
835 1990 1138 2066 disciplina
1179 1989 1234 2045 in
1267 1993 1438 2048 certis
1475 1989 1815 2068 quibusdam
1845 1990 2162 2048 Atticorum
2188 1989 2545 2085 scriptorum
2574 1990 2655 2048 lo·

245 2079 254 2084 ’
371 2077 452 2134 cis
495 2094 622 2132 eam
662 2073 1021 2146 retinuisset,
1067 2091 1409 2150 quamquam
1456 2092 1652 2133 eorum
1692 2093 1957 2132 numerus
2000 2074 2061 2130 in
2097 2073 2221 2132 dies
2262 2075 2496 2150 magis,
2538 2081 2652 2132 arte

371 2160 568 2218 critica
617 2153 903 2226 adhibita,
963 2156 1324 2218 imminuitur.
1428 2158 1913 2216 Praecedentibus
1962 2157 2113 2214 enim
2164 2159 2651 2236 monophthongis

369 2247 438 2302 et
459 2239 831 2318 diphthongis
861 2240 964 2318 (cs.
991 2240 1146 2300 Lob.
1181 2240 1272 2317 Aj.
1303 2261 1390 2300 vs.
1418 2247 1507 2301 24.
1556 2241 1761 2319 Phryn.
1794 2263 1850 2320 p.
1884 2231 2057 2318 7sq.)
2096 2241 2205 2309 vel,
2236 2248 2300 2299 ut
2330 2243 2426 2300 alii
2460 2245 2652 2302 volunt

287 2389 300 2402 ,
369 2326 471 2403 (cf.
515 2322 728 2400 Matth.
791 2346 875 2402 gr.
935 2347 1025 2402 gr.
1069 2327 1132 2400 1,
1173 2347 1233 2403 p.
1275 2331 1364 2390 65.
1438 2323 1773 2392 Schneider
1818 2327 1893 2384 ad
1932 2325 2078 2385 Plat.
2118 2325 2426 2403 Rempubl.
2476 2327 2560 2404 11,
2599 2349 2651 2405 p.

367 2415 474 2477 370
519 2409 700 2487 Α.)““
657 2435 697 2490 η
733 2412 1155 2488 praecedente,
1203 2410 1338 2468 illud
1377 2410 1668 2472 initiale?
1701 2410 2093 2488 expellendum
2126 2429 2253 2467 esse
2284 2418 2651 2472 censuerunt.

367 2498 486 2556 Sed
529 2498 770 2573 nequis
814 2494 950 2554 mihi
995 2496 1260 2572 objiciat,
1306 2498 1546 2556 eandem
1588 2514 1845 2552 normam
1889 2496 2057 2554 etiam
2102 2495 2257 2571 apud
2280 2495 2649 2556 Herodotum

370 2581 558 2640 valere
605 2601 815 2660 posse,
861 2583 1314 2658 servandamque
1349 2597 1479 2640 esse
1506 2580 1824 2638 breviorem
1868 2579 2107 2638 formam
2148 2580 2217 2636 iis
2266 2588 2427 2639 certe
2468 2583 2529 2642 in
2571 2581 2647 2638 lo-

369 2667 474 2740 cis,
521 2665 618 2724 ubi
664 2665 790 2723 libri
825 2686 1063 2743 prorsus
1105 2686 1222 2724 non
1249 2669 1591 2744 repugnent,
1636 2683 1867 2738 moneo,
1908 2663 2163 2742 plurimis
2192 2665 2250 2722 in
2280 2665 2421 2722 locis
2458 2684 2647 2723 omnes

369 2751 548 2808 libros
585 2750 639 2805 in
686 2751 926 2806 formam
963 2751 1228 2824 ἐκεῖνος,
1266 2768 1604 2826 quamquam
1647 2748 2127 2827 praecedentibus
2167 2749 2647 2826 monophthongis

369 2839 432 2890 et.
473 2831 878 2909 diphthongis,
924 2834 1280 2902 consentire3
1325 2853 1513 2911 neque
1557 2835 1708 2912 apud
1747 2834 1971 2891 Atticos
2015 2832 2246 2909 quidem
2288 2832 2440 2891 hanc
2487 2854 2651 2909 regu-

370 2919 480 2975 lam
539 2933 648 2972 nos
709 2917 861 2973 omni
927 2936 992 2974 ex
1052 2923 1216 2994 parte
1260 2937 1497 2977 securos
1546 2919 1823 2994 reddere,
1877 2937 1951 2977 ne
1995 2936 2137 2993 quas
2180 2917 2405 2976 litteras
2452 2917 2649 2994 vulgus

371 3000 540 3058 celeri
585 3001 641 3055 in
688 3001 1153 3076 pronuntiatione
1194 3002 1580 3079 negligentius
1618 3003 1922 3061 obscurare
1964 3001 2221 3076 solebat,
2266 3003 2510 3062 eaedem
2554 3004 2650 3062 mi-

372 3103 480 3142 nus
523 3089 677 3141 recte
721 3084 1084 3159 politioribus
1126 3086 1403 3163 quidem
1388 3108 1443 3144 m
1490 3088 1717 3166 scriptis
1762 3089 2011 3145 omissae
2056 3087 2187 3148 sint.

543 3168 658 3226 Sed
707 3167 1036 3246 abjecerunt
1097 3170 1268 3228 Iones
1317 3171 1589 3230 initialem
1645 3171 1891 3230 litteram
1951 3172 1995 3234 ἐ’
2021 3172 2076 3227 in
2125 3172 2359 3230 vocibus
2404 3166 2559 3251 ορτή
2598 3175 2651 3228 et

375 3247 639 3333 ορτᾶζω,
695 3273 911 3311 summa
950 3274 1076 3312 cum
1123 3257 1451 3314 constantia
1492 3255 1839 3315 Herodoteis
1884 3259 1939 3314 in
1985 3255 2143 3313 libris
2188 3256 2270 3312 sic
2310 3255 2651 3313 scribendis.

371 3339 524 3396 Sunt
566 3339 840 3415 quidem,
882 3340 979 3414 qui
1024 3339 1286 3416 tradant,
1341 3360 1457 3399 non
1497 3341 1858 3420 simpliciter,
1903 3338 2189 3398 initiali·-
2144 3363 2168 3400 ε
2209 3341 2296 3398 his
2344 3341 2399 3397 in
2451 3339 2653 3398 lonicis

371 3422 574 3479 formis
635 3419 1019 3500 abjecta,''‘
967 3447 1001 3484 o
1067 3443 1199 3482 esse
1253 3424 1539 3501 relictam,
1600 3428 1739 3500 sed,
1801 3445 1971 3503 quum
2029 3424 2293 3500 analogia
2350 3423 2653 3482 verborum

373 3500 543 3584 ἷρός,
591 3499 725 3566 οἷκα
777 3506 1186 3586 similiumque,
1246 3509 1343 3567 nbi
1404 3510 1551 3567 duae
1595 3511 1836 3568 initiales
1880 3510 2108 3567 vocales
2152 3509 2347 3566 Ioniee
2384 3510 2443 3566 in
2490 3527 2653 3566 unam

371 3588 820 3666 contrahantur,
865 3589 1207 3669 postuletur,
1251 3600 1313 3652 ut
1357 3594 1526 3651 etiam
1573 3595 1629 3651 in
1675 3594 1784 3653 illis
1808 3615 1938 3652 non
1979 3595 2052 3652 de
2095 3592 2390 3672 aphaeresi
2434 3594 2540 3651 sed
2588 3595 2657 3652 de

373 3675 766 3734 contractione
811 3679 1052 3753 quadam
1101 3678 1467 3757 cogitandum
1510 3677 1617 3754 sit,
1672 3680 1815 3738 istas
1879 3677 2125 3736 initiales
2169 3679 2402 3736 vocales
2464 3700 2529 3740 εο
2585 3679 2658 3735 ita

373 3764 702 3818 contractas
747 3781 908 3837 esse,
953 3769 1015 3820 ut
1059 3763 1228 3822 lones
1269 3761 1463 3818 statim
1507 3760 1653 3820 hunc
1702 3783 1873 3823 unum
1920 3782 1989 3821 ex
2032 3763 2429 3821 contractione
2475 3768 2657 3820 ortum

373 3863 580 3902 sonum
633 3852 764 3904 ante
817 3847 1086 3924 liquidam
1141 3845 1200 3923 ’ῥ’
1245 3847 1494 3924 positum
1550 3849 1921 3928 corriperent.
2010 3847 2174 3914 Quae
2229 3847 2466 3923 quidem
2524 3867 2659 3907 sen-

327 4005 332 4010 ·
370 3929 558 3987 tentia
609 3931 926 4007 speciosior
971 3949 1140 4004 quam
1190 3930 1379 3988 verior
1426 3931 1556 3988 mihi
1596 3951 1728 3990 esse
1770 3933 2016 3995 videtur.
2105 3931 2465 4008 Quamquam
2514 3933 2657 3990 enim

370 4013 530 4070 haud
573 4032 702 4071 rara
745 4020 877 4071 sunt
922 4013 1270 4070 Herodoteis
1316 4015 1370 4070 in
1415 4015 1573 4072 libris
1618 4035 1686 4073 ea
1730 4017 2020 4094 exempla,
2080 4017 2171 4072 ubi
2218 4015 2563 4092 diphthongi
2605 4017 2656 4074 in

371 4095 664 4173 simplices
714 4093 957 4170 vocales
989 4100 1328 4172 tenuentur,
1382 4099 1621 4156 maxime
1668 4106 1802 4157 ante
1845 4100 2099 4158 vocalem
2160 4105 2220 4157 et
2259 4099 2405 4158 tales
2452 4120 2662 4159 conso·

375 4185 615 4252 nantes,
662 4197 810 4259 quae
851 4178 1226 4254 positionem,
1271 4199 1437 4254 quam
1477 4188 1717 4258 vocant,
1758 4183 2045 4259 efficiunt,
2088 4203 2278 4260 neque
2301 4182 2514 4243 tamen
2558 4185 2663 4243 hae
