2784 4567
371 182 456 247 52
1029 178 1118 237 De
1161 180 1399 243 dialecto
1445 178 1773 237 Herodotea
1816 178 1907 237 lib.
1959 177 2005 237 l.

375 354 676 411 haeuserus
729 347 930 423 aliique
971 346 1308 406 recentiores
1361 345 1605 404 habendi
1666 363 1791 403 esse
1840 344 2129 413 videntur,
2176 344 2458 402 -acerrime
2506 343 2659 401 tales

375 437 658 515 speciosas
701 433 908 491 formas
939 433 1093 511 apud
1116 431 1475 491 Herodotum
1516 430 1769 505 aliosque
1796 434 2051 487 retentas
2094 446 2217 486 esse
2270 434 2361 486 est
2414 448 2663 487 eonsen-

377 529 632 595 taneum‚
693 537 864 593 quum
912 534 982 573 ex
1037 535 1229 575 eorum
1281 513 1564 585 doctrina,
1628 531 1967 589 quemquam
2030 512 2495 571 Hemsterhusius
2539 514 2665 589 ipse

376 605 488 662 suis
528 605 584 663 in
634 601 854 677 scriptis
893 598 1028 657 nihil
1085 601 1156 659 de
1197 598 1302 657 hac
1335 619 1399 657 re
1439 600 1725 675 professus
1780 604 1900 671 est,
1946 616 2141 655 omnes
2186 598 2481 655 anomalae
2540 600 2661 655 sor-
2696 668 2704 673 .

379 708 501 745 mac
547 693 604 743 et
649 687 704 743 in
749 684 1211 744 declinationibus
1261 689 1317 741 et
1362 683 1419 739 in
1464 681 1953 756 conjugationibus
1994 683 2073 739 ad
2110 682 2341 739 similem
2376 682 2659 755 originem

379 772 694 846 similesque
738 770 937 847 stirpes
986 768 1312 825 referendae
1362 774 1567 826 essent.
1656 766 1825 825 Unde
1866 766 2054 841 colligi
2098 771 2311 843 potest,
2348 766 2489 822 istos
2541 768 2661 823 fot-

380 875 498 913 mas
539 852 925 933 ὖπερβαλεῖν,
964 849 1336 930 ὑπερθορεῖν
1383 850 1692 925 similiaque
1744 851 1818 907 ad
1864 847 2247 928 ὖπερβαλέω,
2290 848 2661 929 ὖπερθορέω

381 940 664 1014 retulisse,
715 938 881 995 etiam
926 936 1104 994 fallaci
1171 954 1240 993 ex
1291 936 1459 1012 epicis
1514 936 1706 991 formis
1758 932 2192 1012 ὕπερβαλέειν,
2250 933 2661 1013 ὖπερθορέειν

382 1032 564 1081 sumta
608 1022 1108 1097 argumentatione,
1151 1028 1324 1095 atque
1363 1020 1683 1095 ubicunque
1724 1018 1829 1075 hae
1870 1020 2209 1097 posteriores
2251 1038 2377 1077 sese
2434 1020 2501 1076 iis
2560 1016 2663 1075 ob—

385 1108 606 1165 tulerint
654 1108 758 1183 pro
803 1105 1056 1179 genuinis
1097 1104 1410 1179 agnovisse.
1497 1104 1645 1160 Vide
1687 1102 1879 1161 Valck.
1934 1104 2277 1174 Observatt„
2320 1104 2532 1179 quibus
2578 1104 2662 1159 via
2771 1149 2773 1151 ,

354 1190 630 1254 ,munitur
677 1190 752 1245 ad
795 1190 1038 1263 origines
1089 1206 1318 1261 graecas
1387 1188 1803 1261 investigandas
1874 1189 1973 1261 (in
2032 1188 2221 1245 Valck.
2278 1188 2559 1265 opuscul.
2616 1187 2661 1259 1,

390 1296 444 1353 p.
487 1280 590 1332 255
635 1276 792 1347 sqq.)
829 1280 886 1329 et
919 1271 1326 1345 Prolegomena
1355 1271 1599 1329 Sebeidii
1645 1272 1719 1327 ad
1751 1270 2076 1347 ΧΕῑςιηοὶοῃς.
2114 1272 2245 1347 ling.
2282 1271 2667 1347 grace-Len-

393 1358 725 1435 nepianum,
782 1364 840 1413 et
897 1356 1006 1414 boc
1047 1354 1260 1413 lexicon
1315 1355 1530 1432 ipsum,
1576 1356 1763 1413 denuo
1808 1374 1843 1412 a
1892 1352 2081 1431 Nagel
2134 1358 2271 1415 edit.
2318 1362 2475 1415 1808.
2546 1357 2669 1413 sed

392 1445 498 1500 isto
544 1441 657 1515 jam
701 1449 957 1517 tempore
999 1439 1163 1513 hujus
1219 1440 1611 1514 grammaticae
1660 1440 1891 1499 rationis
1950 1446 2325 1499 contemtores
2378 1442 2671 1517 vitupera-

393 1534 658 1601 toresque
701 1525 994 1601 exstitisse,
1043 1524 1193 1581 haud
1253 1524 1491 1581 obscure
1544 1525 1793 1601 produnt
1848 1524 2041 1583 inanes
2094 1526 2373 1600 quaedam
2418 1526 2671 1583 Scheidii

393 1612 566 1689 ipsius
603 1608 862 1683 querelae
917 1609 976 1666 in
1017 1608 1302 1682 Prolegg.,
1354 1628 1411 1685 p.
1458 1607 1534 1664 lV
1580 1626 1667 1683 sq.

565 1692 892 1768 Praeterea,
935 1698 995 1750 ut
1053 1710 1225 1751 sonos
1291 1692 1596 1751 redderent
1652 1692 1930 1750 molliores
1986 1711 2169 1768 eoque
2222 1692 2431 1765 seilicet
2486 1694 2673 1768 magis

394 1779 644 1854 Jonicos,
693 1778 916 1855 saepius
959 1776 1126 1855 plane
1169 1777 1358 1853 inepte
1400 1774 1673 1834 vocabula
1720 1776 1777 1835 in
1828 1778 1892 1835 ΐῖ
1920 1777 2091 1837 breve
2146 1777 2457 1835 desinentia
2510 1774 2670 1853 in'31‘

399 1863 658 1923 exeuntia
698 1868 1020 1935 mutarunt,
1075 1866 1137 1919 ut
1189 1862 1318 1938 μίη,
1374 1860 1559 1937 μοίρη
1618 1866 1724 1917 etc.
1778 1864 1883 1918 etc.
1925 1894 2009 1905 —--
2051 1862 2315 1937 Similiter
2373 1870 2673 1940 peccatum

400 1956 505 2018 est,
556 1964 726 2021 quum
771 1944 1060 2018 vocabula,
1102 1961 1246 2018 quae
1289 1943 1376 2000 vel
1420 1944 1645 2003 aliunde
1693 1943 1781 2001 vel
1824 1946 1948 2021 ipso
1994 1947 2345 2020 quorundam
2396 1945 2673 2004 librorum

401 2031 568 2087 Mscs.
618 2028 935 2086 testimonio
1001 2034 1223 2085 constat
1287 2028 1641 2085 Herodotum
1705 2030 2007 2087 masculino
2076 2048 2283 2104 genere
2345 2048 2675 2107 usurpasse,

405 2114 520 2171 aliis
573 2113 627 2169 in
684 2111 966 2170 codicibus
1019 2110 1360 2173 Herodoteis
1422 2113 1723 2187 foeminino
1778 2132 1985 2187 genere
2038 2115 2265 2189 scripta.
2300 2122 2537 2188 extant,
2600 2127 2673 2186 et,

362 2228 370 2235 ·
406 2216 578 2272 quum
621 2194 758 2252 haec
801 2196 1096 2253 foeminina
1138 2196 1473 2271 posteriores
1516 2199 1856 2270 grammatici
1908 2204 1965 2255 et
2006 2198 2178 2256 critici
2222 2200 2515 2258 retinenda
2554 2197 2677 2258 esse

406 2286 694 2359 putarunt,
738 2279 831 2353 qui
871 2280 958 2337 vel
999 2279 1279 2355 epicorum
1321 2279 1667 2355 aliorumque
1716 2288 2005 2359 poetarum
2048 2287 2204 2341 usum
2248 2284 2337 2341 vel
2391 2286 2679 2360 posterio-

407 2384 526 2423 rum
567 2364 920 2441 scriptorum‚
968 2364 1061 2438 qui
1103 2364 1300 2421 Jonico
1349 2383 1607 2422 sermone
1646 2366 1729 2423 usi
1768 2374 1919 2438 sunt,
1976 2386 2101 2423 curn
2145 2368 2479 2425 Herodoteo
2538 2388 2678 2425 eon-

408 2449 686 2507 fuderunt.
752 2448 827 2507 Et
874 2448 1012 2505 dixit
1056 2447 1300 2505 Philemo
1343 2450 1733 2524 grammaticus
1774 2450 1956 2528 (apud
2011 2451 2279 2529 Porphyr.
2336 2452 2677 2519 Quaestion.

409 2534 580 2593 Hom.
627 2554 673 2591 c.
724 2532 834 2608 8.)‚
886 2533 1062 2591 Jones
1110 2539 1168 2609 et
1219 2533 1325 2591 alia
1377 2534 1679 2591 foeminino
1730 2554 1935 2609 genere
1996 2556 2293 2613 usurpasse
2360 2544 2415 2593 et
2470 2538 2681 2595 dixisse

407 2614 517 2695 τὴν
561 2622 758 2687 κίονα,
800 2612 912 2696 τήν
945 2620 1146 2691 λίθον,
1189 2614 1302 2697 τήν
1349 2621 1717 2695 Μαραθῶνα
1769 2617 1866 2694 (ef.
1920 2626 1977 2677 et
2023 2619 2169 2678 Lob.
2204 2622 2277 2678 ad
2322 2620 2409 2696 Aj.
2462 2640 2517 2699 p.
2580 2628 2679 2681 121

411 2706 500 2761 ed.
552 2721 661 2763 sec.
707 2711 765 2761 et
813 2722 868 2778 p.
909 2704 1044 2776 335)
1081 2708 1140 2759 et
1179 2700 1535 2763 Schol.Ven.
1572 2704 1645 2759 ad
1694 2703 1763 2761 Jl.
1806 2697 1878 2779 α’,
1924 2710 2022 2763 551
2050 2700 2356 2784 δρεπάνας
2390 2706 2681 2781 ι’ωιίκάῖς,

417 2778 586 2847 οὗτοι
621 2783 734 2887 yde
778 2776 1300 2863 τρέπουσέ.πᾶντα
1353 2786 1439 2859 εἰς
1496 2784 1775 2863 θηλυκά,
1826 2781 1959 2851 οἷον
2008 2784 2239 2869 τάφρη,
2309 2783 2543 2867 κύρτῃ,
2616 2784 2683 2849 α’-

415 2874 714 2949 στραγαλη
730 2887 760 2939 3.
789 2868 990 2943 quibus
1033 2872 1517 2945 grammaticorum
1560 2872 1869 2947 praeceptis
1912 2876 2095 2931 omnia
2148 2875 2461 2951 promiscue
2514 2894 2685 2932 unam

416 2956 470 3013 in
515 2953 812 3011 clausulam
855 2972 1145 3030 perperam
1187 2954 1643 3014 concludentibus
1686 2956 1807 3015 fieri
1850 2977 1961 3015 non
2014 2960 2226 3034 potuit,
2270 2960 2402 3034 quin
2450 2978 2683 3035 prorsus

419 3038 716 3109 contraria,
743 3056 956 3111 *neque
1003 3056 1072 3095 ea
1119 3039 1296 3115 magis
1339 3047 1511 3111 recta,
1573 3042 1955 3123 praeceperint
2008 3043 2127 3116 alii,
2186 3050 2247 3102 ut
2314 3044 2489 3119 Greg.
2550 3044 2681 3101 Cor.

421 3125 496 3181 de
541 3122 666 3179 dial.
703 3122 830 3179 Jon.
872 3118 926 3201 ἓ.
981 3128 1070 3195 33,
1131 3142 1186 3201 p.
1234 3130 1366 3183 425:
1424 3124 1491 3184 αἱ
1537 3120 1917 3201 παραλήψεις
1971 3132 2092 3187 τῶν
2146 3122 2484 3205 &posi-tuost
2546 3122 2684 3187 α’ντὶ

340 3245 344 3253 ,
421 3211 718 3283 θηλυκῶν
758 3200 973 3269 Ἰοίνων
1017 3207 1150 3281 εἰσί,
1195 3240 1273 3252 -
1319 3208 1421 3267 sed
1478 3209 1779 3269 Homerico
1837 3230 2001 3269 versu
2056 3210 2290 3288 (Od.'·1,
2353 3214 2492 3288 423)
2554 3232 2683 3269 usus

423 3300 508 3351 est
556 3293 824 3371 exemplo.
869 3294 956 3335 —-'
1019 3290 1098 3349 Et
1147 3292 1388 3369 Etymol.
1444 3292 1597 3368 Mag.
1664 3314 1718 3370 p.
1778 3300 1869 3366 33,
1931 3293 2189 3373 47:·v)v
2240 3296 2471 3371 αἴθραν
2514 3292 2683 3357 εἶπεν

423 3372 648 3451 αἶθρον
695 3376 780 3449 ὥς
819 3372 933 3455 τήν
975 3371 1175 3454 πύλην
1217 3371 1412 3437 πύλον
1454 3376 1557 3437 καὶ
1594 3375 1705 3455 τήν
1746 3380 1947 3455 δείλην
1992 3381 2239 3441 δείελον·
2274 3389 2329 3439 et
2349 3374 2511 3439 Suid.
2558 3402 2607 3438 s.
2636 3400 2683 3436 v.

421 3456 639 3541 πύλῃσι
699 3462 814 3519 Sed
857 3462 1029 3533 κίων,
1091 3480 1235 3536 quae
1277 3481 1386 3519 vox
1428 3461 1481 3519 in
1538 3462 1767 3521 Homeri
1800 3465 2131 3523 carminibus
2172 3474 2232 3524 et
2282 3466 2591 3523 masculino
2634 3473 2687 3522 et

426 3546 962 3620 f‹iemini'no,.genere
1005 3555 1268 3624 usurpata
1309 3546 1569 3618 cernitur,
1612 3548 1812 3605 eodem
1860 3551 2033 3607 modo
2074 3552 2228 3627 apud
2262 3557 2537 3608 nostrum
2592 3569 2691 3607 va-

428 3630 554 3703 riari
599 3630 836 3705 videtur,
881 3649 1052 3705 quum
1090 3630 1128 3687 l.
1169 3635 1238 3689 92
1282 3634 1404 3689 τῶν
1448 3624 1673 3691 κιόνων
1715 3633 1785 3693 αἱ
1835 3635 2055 3695 πολλαί
2107 3636 2229 3693 sine
2291 3635 2400 3693 ulla
2458 3638 2689 3691 enotata

428 3713 698 3770 varietate
753 3713 1030 3789 legantur,
1064 3721 1120 3774 et
1162 3714 1258 3773 IV.
1308 3719 1413 3773 184
1455 3718 1669 3775 τοῦτον
1720 3719 1899 3777 κίονα
1963 3719 2091 3791 (alii
2154 3739 2278 3777 cum
2344 3714 2423 3775 F}
2470 3723 2689 3779 τοῦτον

429 3793 528 3859 τὸν
581 3799 777 3866 κίονα,
816 3798 906 3855 alii
953 3802 1128 3861 τοῦτο
1172 3793 1272 3861 τὸν
1315 3801 1491 3859 κίονα
1540 3820 1663 3858 cum
1712 3804 1877 3861 codd.-
1922 3803 1999 3861 M.
2049 3804 2106 3860 P.
2148 3802 2223 3859 K.
2270 3803 2336 3860 V.
2382 3804 2441 3861 S.
2506 3822 2561 3859 a.
2616 3804 2687 3873 b.,

431 3901 546 3957 quo
591 3884 664 3941 de
704 3882 838 3939 vitio
881 3883 1010 3941 vide
1052 3884 1242 3941 Herm.
1296 3884 1373 3941 ad
1397 3884 1521 3959 Vig.
1546 3905 1605 3962 p.
1654 3886 1805 3965 708),
1848 3888 1943 3960 ita,
1982 3894 2045 3945 ut
2078 3887 2439 3945 masculinum
2464 3888 2691 3962 quidem

431 3986 612 4043 genus
667 3968 801 4023 satis
858 3973 1068 4025 certum
1111 3968 1218 4025 hoe
1271 3967 1397 4025 loeo
1431 3970 1651 4033 retineri
1685 3972 1892 4047 possit3
1938 3974 2105 4044 unde,
2151 3972 2197 4031 si
2230 3971 2457 4028 omnin‘o
2478 3990 2693 4047 aequa·-

433 4051 613 4109 bilitas
657 4050 1070 4127 quaedamhac
1119 4052 1175 4109 in
1223 4071 1359 4111 voce
1414 4055 1565 4130 apud
1590 4054 1943 4113 Herodotum
1972 4059 2269 4115 servanda
2316 4062 2485 4125 esset,
2528 4076 2695 4135 supe-

437 4135 580 4193 riore
627 4136 682 4193 in
725 4136 850 4193 loco
891 4128 1121 4197 κιόνων
1167 4134 1231 4195 οἱ
1269 4142 1479 4198 πολλοί
1526 4138 1832 4197 rescribere
1872 4141 2112 4219 mallem,
2162 4159 2331 4217 quam
2364 4140 2475 4197 boe
2502 4146 2697 4217 poste-

331 4273 350 4280 ,
439 4217 584 4276 riore
623 4220 980 4279 foemininum
1017 4218 1385 4296 substituere3
1430 4222 1501 4279 cf.
1532 4220 1737 4280 Bernh.
1794 4224 1871 4283 ad
1920 4224 2154 4302 Dionys.
2206 4224 2301 4285 Pe.
2328 4243 2386 4303 p.
2448 4232 2575 4283 5⁴2.
2618 4258 2697 4269 --
