<?xml version="1.0" encoding="UTF-8"?>
<!DOCTYPE html PUBLIC "-//W3C//DTD XHTML 1.0 Transitional//EN"
    "http://www.w3.org/TR/xhtml1/DTD/xhtml1-transitional.dtd">
<html xmlns="http://www.w3.org/1999/xhtml" xml:lang="en" lang="en">
 <head>
  <title>
</title>
<meta http-equiv="Content-Type" content="text/html;charset=utf-8" />
  <meta name='ocr-system' content='tesseract 3.04.00' />
  <meta name='ocr-capabilities' content='ocr_page ocr_carea ocr_par ocr_line ocrx_word'/>
</head>
<body>
  <div class='ocr_page' id='page_1' title='image "./quaestionumcrit00unkngoog_0067.png"; bbox 0 0 2784 4567; ppageno 0'>
   <div class='ocr_carea' id='block_1_1' title="bbox 824 126 2407 204">
    <p class='ocr_par' dir='ltr' id='par_1_1' title="bbox 824 126 2407 204">
     <span class='ocr_line' id='line_1_1' title="bbox 824 126 2407 204; baseline 0 -15"><span class='ocrx_word' id='word_1_1' title='bbox 824 127 911 189; x_wconf 89' lang='lat' dir='ltr'>De</span> <span class='ocrx_word' id='word_1_2' title='bbox 959 130 1198 189; x_wconf 63' lang='lat' dir='ltr'>dialecto</span> <span class='ocrx_word' id='word_1_3' title='bbox 1239 130 1569 204; x_wconf 73' lang='lat' dir='ltr'>Her-odoteu</span> <span class='ocrx_word' id='word_1_4' title='bbox 1616 131 1689 191; x_wconf 84' lang='lat' dir='ltr'>lib</span> <span class='ocrx_word' id='word_1_5' title='bbox 1726 130 1765 189; x_wconf 89' lang='lat'>1.</span> <span class='ocrx_word' id='word_1_6' title='bbox 2325 126 2407 189; x_wconf 82' lang='lat'>55</span> 
     </span>
    </p>
   </div>
   <div class='ocr_carea' id='block_1_2' title="bbox 31 291 2409 1973">
    <p class='ocr_par' dir='ltr' id='par_1_2' title="bbox 31 291 2409 1973">
     <span class='ocr_line' id='line_1_2' title="bbox 119 291 2407 381; baseline 0.003 -28"><span class='ocrx_word' id='word_1_7' title='bbox 119 298 202 353; x_wconf 87' lang='lat'>16</span> <span class='ocrx_word' id='word_1_8' title='bbox 257 294 546 371; x_wconf 78' lang='lat' dir='ltr'>vulgatum</span> <span class='ocrx_word' id='word_1_9' title='bbox 589 297 960 357; x_wconf 81' lang='lat' dir='ltr'>omittendum</span> <span class='ocrx_word' id='word_1_10' title='bbox 1009 316 1132 355; x_wconf 71' lang='lat' dir='ltr'>esse</span> <span class='ocrx_word' id='word_1_11' title='bbox 1176 316 1449 370; x_wconf 70' lang='lat' dir='ltr'>censeam,</span> <span class='ocrx_word' id='word_1_12' title='bbox 1494 298 1624 373; x_wconf 75' lang='lat' dir='ltr'>quia</span> <span class='ocrx_word' id='word_1_13' title='bbox 1686 298 1741 355; x_wconf 85' lang='lat' dir='ltr'>in</span> <span class='ocrx_word' id='word_1_14' title='bbox 1786 297 1911 357; x_wconf 77' lang='lat' dir='ltr'>cod.</span> <span class='ocrx_word' id='word_1_15' title='bbox 1950 298 2011 355; x_wconf 88' lang='lat' dir='ltr'>S.</span> <span class='ocrx_word' id='word_1_16' title='bbox 2046 291 2283 381; x_wconf 70' lang='grc' dir='ltr'><strong><em>σπᾶρτῃ</em></strong></span> <span class='ocrx_word' id='word_1_17' title='bbox 2306 297 2407 359; x_wconf 70' lang='lat' dir='ltr'>hn-</span> 
     </span>
     <span class='ocr_line' id='line_1_3' title="bbox 117 376 2405 465; baseline 0.004 -31"><span class='ocrx_word' id='word_1_18' title='bbox 117 379 316 435; x_wconf 82' lang='lat' dir='ltr'>betur.</span> <span class='ocrx_word' id='word_1_19' title='bbox 415 380 702 456; x_wconf 81' lang='lat' dir='ltr'>Recteque</span> <span class='ocrx_word' id='word_1_20' title='bbox 755 382 1028 459; x_wconf 82' lang='lat' dir='ltr'>scriptura</span> <span class='ocrx_word' id='word_1_21' title='bbox 1073 383 1282 465; x_wconf 67' lang='lat' dir='ltr'>codicis</span> <span class='ocrx_word' id='word_1_22' title='bbox 1329 384 1395 439; x_wconf 89' lang='lat' dir='ltr'>F.</span> <span class='ocrx_word' id='word_1_23' title='bbox 1438 378 1553 455; x_wconf 56' lang='grc' dir='ltr'>τήν</span> <span class='ocrx_word' id='word_1_24' title='bbox 1602 376 1813 457; x_wconf 71' lang='grc' dir='ltr'><strong><em>τιᾶρην</em></strong></span> <span class='ocrx_word' id='word_1_25' title='bbox 1856 381 1896 439; x_wconf 86' lang='lat' dir='ltr'>l.</span> <span class='ocrx_word' id='word_1_26' title='bbox 1950 388 2053 443; x_wconf 72' lang='lat'>132</span> <span class='ocrx_word' id='word_1_27' title='bbox 2094 390 2153 441; x_wconf 88' lang='lat' dir='ltr'>et</span> <span class='ocrx_word' id='word_1_28' title='bbox 2184 388 2405 443; x_wconf 72' lang='grc' dir='ltr'><strong><em>καλεο·</em></strong></span> 
     </span>
     <span class='ocr_line' id='line_1_4' title="bbox 31 459 2409 547; baseline 0.001 -24"><span class='ocrx_word' id='word_1_29' title='bbox 31 528 38 531; x_wconf 67' lang='grc'><strong>,</strong></span> <span class='ocrx_word' id='word_1_30' title='bbox 113 460 488 540; x_wconf 65' lang='grc' dir='ltr'>μένας,ν[[.</span> <span class='ocrx_word' id='word_1_31' title='bbox 539 471 604 525; x_wconf 84' lang='lat'>61</span> <span class='ocrx_word' id='word_1_32' title='bbox 651 459 896 547; x_wconf 72' lang='grc' dir='ltr'>(τιάρας</span> <span class='ocrx_word' id='word_1_33' title='bbox 935 467 1328 541; x_wconf 72' lang='grc' dir='ltr'>καλεομένας)</span> <span class='ocrx_word' id='word_1_34' title='bbox 1369 468 1691 544; x_wconf 71' lang='lat' dir='ltr'>praebentis</span> <span class='ocrx_word' id='word_1_35' title='bbox 1736 476 1929 547; x_wconf 72' lang='lat' dir='ltr'>contra</span> <span class='ocrx_word' id='word_1_36' title='bbox 1972 466 2205 525; x_wconf 82' lang='lat' dir='ltr'>aliorum</span> <span class='ocrx_word' id='word_1_37' title='bbox 2246 469 2409 527; x_wconf 84' lang='lat' dir='ltr'>codi-.</span> 
     </span>
     <span class='ocr_line' id='line_1_5' title="bbox 115 548 2403 627; baseline 0.003 -24"><span class='ocrx_word' id='word_1_38' title='bbox 115 566 266 605; x_wconf 86' lang='lat' dir='ltr'>eum</span> <span class='ocrx_word' id='word_1_39' title='bbox 305 549 688 609; x_wconf 82' lang='lat' dir='ltr'>auctoritatem</span> <span class='ocrx_word' id='word_1_40' title='bbox 739 550 997 625; x_wconf 80' lang='lat' dir='ltr'>neglecta</span> <span class='ocrx_word' id='word_1_41' title='bbox 1041 560 1149 620; x_wconf 83' lang='lat' dir='ltr'>est,</span> <span class='ocrx_word' id='word_1_42' title='bbox 1209 554 1380 626; x_wconf 76' lang='lat' dir='ltr'>quum</span> <span class='ocrx_word' id='word_1_43' title='bbox 1430 550 1743 627; x_wconf 73' lang='lat' dir='ltr'>Hesychius</span> <span class='ocrx_word' id='word_1_44' title='bbox 1797 570 1841 609; x_wconf 81' lang='lat' dir='ltr'>s.</span> <span class='ocrx_word' id='word_1_45' title='bbox 1904 570 1953 609; x_wconf 78' lang='lat' dir='ltr'>v·</span> <span class='ocrx_word' id='word_1_46' title='bbox 2016 548 2175 608; x_wconf 75' lang='lat' dir='ltr'>claris</span> <span class='ocrx_word' id='word_1_47' title='bbox 2224 553 2403 611; x_wconf 76' lang='lat' dir='ltr'>verbis</span> 
     </span>
     <span class='ocr_line' id='line_1_6' title="bbox 113 628 2401 712; baseline 0.003 -23"><span class='ocrx_word' id='word_1_48' title='bbox 113 633 445 705; x_wconf 74' lang='lat' dir='ltr'>monuerit,</span> <span class='ocrx_word' id='word_1_49' title='bbox 492 634 842 693; x_wconf 83' lang='lat' dir='ltr'>Herodotum</span> <span class='ocrx_word' id='word_1_50' title='bbox 881 632 918 697; x_wconf 81' lang='grc' dir='ltr'><em>ὅ</em></span> <span class='ocrx_word' id='word_1_51' title='bbox 957 628 1170 712; x_wconf 68' lang='grc' dir='ltr'><strong><em>πάρης</em></strong></span> <span class='ocrx_word' id='word_1_52' title='bbox 1221 637 1426 693; x_wconf 78' lang='lat' dir='ltr'>dixisse</span> <span class='ocrx_word' id='word_1_53' title='bbox 1478 629 1827 711; x_wconf 73' lang='grc' dir='ltr'><strong><em>(Ἡρὸὸοτος</em></strong></span> <span class='ocrx_word' id='word_1_54' title='bbox 1874 630 1940 693; x_wconf 72' lang='grc' dir='ltr'>δὲ</span> <span class='ocrx_word' id='word_1_55' title='bbox 1986 632 2115 693; x_wconf 54' lang='lat' dir='ltr'>zv?</span> <span class='ocrx_word' id='word_1_56' title='bbox 2166 628 2401 709; x_wconf 69' lang='grc' dir='ltr'><strong><em>ἆριἳεη-</em></strong></span> 
     </span>
     <span class='ocr_line' id='line_1_7' title="bbox 109 717 2403 795; baseline 0.002 -20"><span class='ocrx_word' id='word_1_57' title='bbox 109 719 314 787; x_wconf 66' lang='grc' dir='ltr'><strong>πῶς),</strong></span> <span class='ocrx_word' id='word_1_58' title='bbox 355 718 424 773; x_wconf 78' lang='lat' dir='ltr'>ct.</span> <span class='ocrx_word' id='word_1_59' title='bbox 468 724 528 775; x_wconf 82' lang='lat' dir='ltr'>et</span> <span class='ocrx_word' id='word_1_60' title='bbox 571 717 664 775; x_wconf 90' lang='lat' dir='ltr'>lll.</span> <span class='ocrx_word' id='word_1_61' title='bbox 711 726 780 779; x_wconf 81' lang='lat'>12</span> <span class='ocrx_word' id='word_1_62' title='bbox 823 726 882 777; x_wconf 85' lang='lat' dir='ltr'>et</span> <span class='ocrx_word' id='word_1_63' title='bbox 905 719 1052 787; x_wconf 83' lang='lat' dir='ltr'>Vlll.</span> <span class='ocrx_word' id='word_1_64' title='bbox 1103 726 1216 779; x_wconf 81' lang='lat'><strong>120.</strong></span> <span class='ocrx_word' id='word_1_65' title='bbox 1257 752 1345 763; x_wconf 89' lang='lat'>—-</span> <span class='ocrx_word' id='word_1_66' title='bbox 1391 718 2013 795; x_wconf 41' lang='lat' dir='ltr'>Neque‘probandum,</span> <span class='ocrx_word' id='word_1_67' title='bbox 2056 720 2213 793; x_wconf 86' lang='lat' dir='ltr'>quod</span> <span class='ocrx_word' id='word_1_68' title='bbox 2244 719 2403 779; x_wconf 76' lang='lat' dir='ltr'>Eust-</span> 
     </span>
     <span class='ocr_line' id='line_1_8' title="bbox 111 799 2407 879; baseline 0.003 -23"><span class='ocrx_word' id='word_1_69' title='bbox 111 801 204 866; x_wconf 77' lang='lat' dir='ltr'>ad</span> <span class='ocrx_word' id='word_1_70' title='bbox 253 799 419 859; x_wconf 90' lang='lat' dir='ltr'>Dion.</span> <span class='ocrx_word' id='word_1_71' title='bbox 479 801 536 859; x_wconf 92' lang='lat' dir='ltr'>P.</span> <span class='ocrx_word' id='word_1_72' title='bbox 592 807 698 864; x_wconf 82' lang='lat'>437</span> <span class='ocrx_word' id='word_1_73' title='bbox 755 799 997 879; x_wconf 75' lang='grc' dir='ltr'><strong><em>Χύτρας</em></strong></span> <span class='ocrx_word' id='word_1_74' title='bbox 1057 823 1124 861; x_wconf 86' lang='lat' dir='ltr'>cx</span> <span class='ocrx_word' id='word_1_75' title='bbox 1183 804 1394 863; x_wconf 83' lang='lat' dir='ltr'>Herod.</span> <span class='ocrx_word' id='word_1_76' title='bbox 1450 805 1575 863; x_wconf 87' lang='lat' dir='ltr'>Vll.</span> <span class='ocrx_word' id='word_1_77' title='bbox 1632 808 1733 863; x_wconf 84' lang='grc'>176</span> <span class='ocrx_word' id='word_1_78' title='bbox 1776 802 1965 861; x_wconf 79' lang='lat' dir='ltr'>attulit</span> <span class='ocrx_word' id='word_1_79' title='bbox 2016 821 2125 879; x_wconf 87' lang='lat' dir='ltr'>pro</span> <span class='ocrx_word' id='word_1_80' title='bbox 2176 802 2407 878; x_wconf 78' lang='lat' dir='ltr'>vulgato</span> 
     </span>
     <span class='ocr_line' id='line_1_9' title="bbox 117 879 2407 960; baseline 0.001 -17"><span class='ocrx_word' id='word_1_81' title='bbox 117 879 453 960; x_wconf 74' lang='grc' dir='ltr'><strong><em>Χύτρους,</em></strong></span> <span class='ocrx_word' id='word_1_82' title='bbox 499 887 570 945; x_wconf 83' lang='lat' dir='ltr'>cf.</span> <span class='ocrx_word' id='word_1_83' title='bbox 602 885 796 945; x_wconf 81' lang='lat' dir='ltr'>Valck.</span> <span class='ocrx_word' id='word_1_84' title='bbox 841 895 900 947; x_wconf 90' lang='lat' dir='ltr'>et</span> <span class='ocrx_word' id='word_1_85' title='bbox 939 886 1176 945; x_wconf 86' lang='lat' dir='ltr'>Wessel.</span> <span class='ocrx_word' id='word_1_86' title='bbox 1229 888 1304 945; x_wconf 84' lang='lat' dir='ltr'>ad</span> <span class='ocrx_word' id='word_1_87' title='bbox 1361 888 1415 945; x_wconf 84' lang='lat' dir='ltr'>h.</span> <span class='ocrx_word' id='word_1_88' title='bbox 1474 888 1579 945; x_wconf 85' lang='lat' dir='ltr'>loe.</span> <span class='ocrx_word' id='word_1_89' title='bbox 1624 920 1709 931; x_wconf 89' lang='lat'>--</span> <span class='ocrx_word' id='word_1_90' title='bbox 1754 886 1829 944; x_wconf 90' lang='lat' dir='ltr'>Et</span> <span class='ocrx_word' id='word_1_91' title='bbox 1884 906 1955 945; x_wconf 83' lang='lat' dir='ltr'>ex</span> <span class='ocrx_word' id='word_1_92' title='bbox 2000 886 2231 945; x_wconf 81' lang='lat' dir='ltr'>Homeri</span> <span class='ocrx_word' id='word_1_93' title='bbox 2286 906 2407 947; x_wconf 77' lang='lat' dir='ltr'>car-</span> 
     </span>
     <span class='ocr_line' id='line_1_10' title="bbox 115 968 2405 1049; baseline 0.002 -25"><span class='ocrx_word' id='word_1_94' title='bbox 115 969 378 1027; x_wconf 86' lang='lat' dir='ltr'>minibus</span> <span class='ocrx_word' id='word_1_95' title='bbox 419 978 754 1049; x_wconf 83' lang='lat' dir='ltr'>acceperunt</span> <span class='ocrx_word' id='word_1_96' title='bbox 799 968 996 1049; x_wconf 77' lang='grc' dir='ltr'><strong><em>6χθην</em></strong></span> <span class='ocrx_word' id='word_1_97' title='bbox 1037 971 1168 1029; x_wconf 82' lang='lat' dir='ltr'>Ald.</span> <span class='ocrx_word' id='word_1_98' title='bbox 1213 972 1281 1029; x_wconf 83' lang='lat' dir='ltr'>al.</span> <span class='ocrx_word' id='word_1_99' title='bbox 1329 972 1423 1029; x_wconf 80' lang='grc' dir='ltr'><strong>Ν.</strong></span> <span class='ocrx_word' id='word_1_100' title='bbox 1468 979 1572 1031; x_wconf 75' lang='lat'>203</span> <span class='ocrx_word' id='word_1_101' title='bbox 1625 992 1731 1048; x_wconf 86' lang='lat' dir='ltr'>pro</span> <span class='ocrx_word' id='word_1_102' title='bbox 1780 991 1927 1029; x_wconf 85' lang='lat' dir='ltr'>nunc</span> <span class='ocrx_word' id='word_1_103' title='bbox 1972 977 2129 1029; x_wconf 85' lang='lat' dir='ltr'>recte</span> <span class='ocrx_word' id='word_1_104' title='bbox 2176 971 2405 1046; x_wconf 81' lang='lat' dir='ltr'>vulgato</span> 
     </span>
     <span class='ocr_line' id='line_1_11' title="bbox 117 1048 2405 1133; baseline 0 -18"><span class='ocrx_word' id='word_1_105' title='bbox 117 1048 364 1129; x_wconf 53' lang='grc' dir='ltr'><strong><em>ὄχθοις</em></strong></span> <span class='ocrx_word' id='word_1_106' title='bbox 409 1055 536 1113; x_wconf 85' lang='lat' dir='ltr'>vide</span> <span class='ocrx_word' id='word_1_107' title='bbox 579 1056 726 1113; x_wconf 87' lang='lat' dir='ltr'>enim</span> <span class='ocrx_word' id='word_1_108' title='bbox 773 1052 808 1117; x_wconf 82' lang='grc' dir='ltr'>ὁ</span> <span class='ocrx_word' id='word_1_109' title='bbox 853 1051 1044 1132; x_wconf 74' lang='grc' dir='ltr'><strong><em>ὄχθος</em></strong></span> <span class='ocrx_word' id='word_1_110' title='bbox 1087 1062 1374 1133; x_wconf 82' lang='lat' dir='ltr'>praeterea</span> <span class='ocrx_word' id='word_1_111' title='bbox 1416 1056 1567 1115; x_wconf 80' lang='lat' dir='ltr'>Vm.</span> <span class='ocrx_word' id='word_1_112' title='bbox 1614 1063 1699 1115; x_wconf 70' lang='lat'>52.</span> <span class='ocrx_word' id='word_1_113' title='bbox 1746 1055 1842 1118; x_wconf 78' lang='lat' dir='ltr'>lx.</span> <span class='ocrx_word' id='word_1_114' title='bbox 1882 1062 1967 1115; x_wconf 76' lang='lat'>25.</span> <span class='ocrx_word' id='word_1_115' title='bbox 2013 1061 2101 1115; x_wconf 85' lang='grc'><strong>56.</strong></span> <span class='ocrx_word' id='word_1_116' title='bbox 2135 1059 2218 1113; x_wconf 84' lang='grc'><strong>59.</strong></span> <span class='ocrx_word' id='word_1_117' title='bbox 2288 1054 2405 1115; x_wconf 83' lang='lat' dir='ltr'>Ne-</span> 
     </span>
     <span class='ocr_line' id='line_1_12' title="bbox 113 1135 2401 1217; baseline 0.004 -25"><span class='ocrx_word' id='word_1_118' title='bbox 113 1156 246 1211; x_wconf 86' lang='lat' dir='ltr'>que</span> <span class='ocrx_word' id='word_1_119' title='bbox 280 1139 421 1193; x_wconf 85' lang='lat' dir='ltr'>satis</span> <span class='ocrx_word' id='word_1_120' title='bbox 455 1150 606 1196; x_wconf 87' lang='lat' dir='ltr'>certa</span> <span class='ocrx_word' id='word_1_121' title='bbox 657 1158 780 1197; x_wconf 83' lang='lat' dir='ltr'>esse</span> <span class='ocrx_word' id='word_1_122' title='bbox 825 1140 1042 1197; x_wconf 85' lang='lat' dir='ltr'>videtur</span> <span class='ocrx_word' id='word_1_123' title='bbox 1078 1140 1352 1197; x_wconf 86' lang='lat' dir='ltr'>Ammonii</span> <span class='ocrx_word' id='word_1_124' title='bbox 1409 1145 1493 1217; x_wconf 91' lang='lat' dir='ltr'>(p.</span> <span class='ocrx_word' id='word_1_125' title='bbox 1548 1144 1675 1212; x_wconf 85' lang='grc'><strong>108)</strong></span> <span class='ocrx_word' id='word_1_126' title='bbox 1706 1140 2013 1196; x_wconf 73' lang='lat' dir='ltr'>distinctio:</span> <span class='ocrx_word' id='word_1_127' title='bbox 2070 1135 2251 1217; x_wconf 80' lang='grc' dir='ltr'><strong><em>ὄχθαι</em></strong></span> <span class='ocrx_word' id='word_1_128' title='bbox 2286 1162 2401 1201; x_wconf 74' lang='grc' dir='ltr'><strong><em>πο-</em></strong></span> 
     </span>
     <span class='ocr_line' id='line_1_13' title="bbox 111 1219 2401 1303; baseline 0.002 -25"><span class='ocrx_word' id='word_1_129' title='bbox 111 1223 344 1296; x_wconf 74' lang='grc' dir='ltr'><strong><em>ταμῶν</em></strong></span> <span class='ocrx_word' id='word_1_130' title='bbox 387 1222 574 1297; x_wconf 73' lang='grc' dir='ltr'><strong><em>χείλη,</em></strong></span> <span class='ocrx_word' id='word_1_131' title='bbox 624 1220 794 1297; x_wconf 74' lang='grc' dir='ltr'><strong><em>ὅχθοι</em></strong></span> <span class='ocrx_word' id='word_1_132' title='bbox 845 1221 910 1285; x_wconf 78' lang='grc' dir='ltr'>δὲ</span> <span class='ocrx_word' id='word_1_133' title='bbox 953 1219 1267 1303; x_wconf 69' lang='grc' dir='ltr'><strong><em>ἐπάρματα</em></strong></span> <span class='ocrx_word' id='word_1_134' title='bbox 1299 1228 1428 1301; x_wconf 74' lang='grc' dir='ltr'><strong>γῆς.</strong></span> <span class='ocrx_word' id='word_1_135' title='bbox 1494 1225 1583 1281; x_wconf 79' lang='lat' dir='ltr'>Cf.</span> <span class='ocrx_word' id='word_1_136' title='bbox 1635 1230 1693 1280; x_wconf 83' lang='lat' dir='ltr'>et</span> <span class='ocrx_word' id='word_1_137' title='bbox 1737 1223 1941 1284; x_wconf 80' lang='lat' dir='ltr'>Thom.</span> <span class='ocrx_word' id='word_1_138' title='bbox 1984 1223 2141 1298; x_wconf 75' lang='lat' dir='ltr'>Mag.</span> <span class='ocrx_word' id='word_1_139' title='bbox 2188 1244 2241 1301; x_wconf 63' lang='grc' dir='ltr'>ι).</span> <span class='ocrx_word' id='word_1_140' title='bbox 2296 1230 2401 1283; x_wconf 76' lang='lat'>260</span> 
     </span>
     <span class='ocr_line' id='line_1_14' title="bbox 111 1304 2397 1384; baseline 0.001 -23"><span class='ocrx_word' id='word_1_141' title='bbox 111 1315 186 1361; x_wconf 86' lang='lat' dir='ltr'>et</span> <span class='ocrx_word' id='word_1_142' title='bbox 231 1304 550 1362; x_wconf 85' lang='lat' dir='ltr'>Blomfield.</span> <span class='ocrx_word' id='word_1_143' title='bbox 603 1309 678 1365; x_wconf 81' lang='lat' dir='ltr'>ad</span> <span class='ocrx_word' id='word_1_144' title='bbox 721 1307 917 1366; x_wconf 83' lang='lat' dir='ltr'>Aesch.</span> <span class='ocrx_word' id='word_1_145' title='bbox 961 1309 1116 1367; x_wconf 80' lang='lat' dir='ltr'>Pers.</span> <span class='ocrx_word' id='word_1_146' title='bbox 1161 1328 1238 1365; x_wconf 84' lang='lat' dir='ltr'>vs.</span> <span class='ocrx_word' id='word_1_147' title='bbox 1285 1313 1388 1367; x_wconf 80' lang='lat'>653</span> <span class='ocrx_word' id='word_1_148' title='bbox 1434 1308 1623 1365; x_wconf 84' lang='lat' dir='ltr'>Gloss.</span> <span class='ocrx_word' id='word_1_149' title='bbox 1667 1328 1725 1384; x_wconf 88' lang='lat' dir='ltr'>p.</span> <span class='ocrx_word' id='word_1_150' title='bbox 1775 1312 1895 1371; x_wconf 83' lang='lat'><strong>168.</strong></span> <span class='ocrx_word' id='word_1_151' title='bbox 1936 1338 2021 1351; x_wconf 90' lang='lat'>·--</span> <span class='ocrx_word' id='word_1_152' title='bbox 2066 1307 2149 1365; x_wconf 77' lang='lat' dir='ltr'>Ac</span> <span class='ocrx_word' id='word_1_153' title='bbox 2190 1310 2397 1380; x_wconf 77' lang='lat' dir='ltr'>nescio,</span> 
     </span>
     <span class='ocr_line' id='line_1_15' title="bbox 111 1386 2396 1473; baseline 0.004 -28"><span class='ocrx_word' id='word_1_154' title='bbox 111 1408 198 1447; x_wconf 77' lang='lat' dir='ltr'>an</span> <span class='ocrx_word' id='word_1_155' title='bbox 252 1390 682 1465; x_wconf 82' lang='lat' dir='ltr'>praeferendum</span> <span class='ocrx_word' id='word_1_156' title='bbox 725 1394 798 1451; x_wconf 83' lang='lat' dir='ltr'>sit</span> <span class='ocrx_word' id='word_1_157' title='bbox 852 1392 1006 1451; x_wconf 85' lang='lat' dir='ltr'>VIll.</span> <span class='ocrx_word' id='word_1_158' title='bbox 1063 1398 1168 1452; x_wconf 84' lang='lat'>118</span> <span class='ocrx_word' id='word_1_159' title='bbox 1217 1391 1449 1473; x_wconf 78' lang='grc' dir='ltr'><strong><em>χρυσέῳ</em></strong></span> <span class='ocrx_word' id='word_1_160' title='bbox 1498 1386 1815 1473; x_wconf 74' lang='grc' dir='ltr'>στεφάνῳ,</span> <span class='ocrx_word' id='word_1_161' title='bbox 1879 1411 1913 1449; x_wconf 92' lang='lat' dir='ltr'>a</span> <span class='ocrx_word' id='word_1_162' title='bbox 1966 1393 2137 1451; x_wconf 86' lang='lat' dir='ltr'><strong>codd.</strong></span> <span class='ocrx_word' id='word_1_163' title='bbox 2208 1392 2269 1451; x_wconf 90' lang='lat' dir='ltr'>S.</span> <span class='ocrx_word' id='word_1_164' title='bbox 2325 1393 2396 1454; x_wconf 84' lang='lat' dir='ltr'>V.</span> 
     </span>
     <span class='ocr_line' id='line_1_16' title="bbox 113 1472 2397 1558; baseline 0.004 -29"><span class='ocrx_word' id='word_1_165' title='bbox 113 1474 464 1550; x_wconf 78' lang='lat' dir='ltr'>praebitum,</span> <span class='ocrx_word' id='word_1_166' title='bbox 508 1474 662 1533; x_wconf 79' lang='lat' dir='ltr'>alteri</span> <span class='ocrx_word' id='word_1_167' title='bbox 723 1478 954 1551; x_wconf 74' lang='lat' dir='ltr'>vulgato</span> <span class='ocrx_word' id='word_1_168' title='bbox 993 1475 1214 1558; x_wconf 72' lang='grc' dir='ltr'><strong><em>χρυσέῃ</em></strong></span> <span class='ocrx_word' id='word_1_169' title='bbox 1259 1472 1527 1555; x_wconf 74' lang='grc' dir='ltr'><strong><em>στεφάνῃ</em></strong></span> <span class='ocrx_word' id='word_1_170' title='bbox 1580 1472 2009 1553; x_wconf 74' lang='grc' dir='ltr'><strong><em>(δωρήσασθαι</em></strong></span> <span class='ocrx_word' id='word_1_171' title='bbox 2030 1475 2247 1557; x_wconf 76' lang='grc' dir='ltr'><strong><em>χρυσέῃ</em></strong></span> <span class='ocrx_word' id='word_1_172' title='bbox 2273 1492 2397 1537; x_wconf 82' lang='grc' dir='ltr'><strong><em>στε-</em></strong></span> 
     </span>
     <span class='ocr_line' id='line_1_17' title="bbox 117 1548 2399 1641; baseline -0 -24"><span class='ocrx_word' id='word_1_173' title='bbox 117 1548 304 1641; x_wconf 69' lang='grc' dir='ltr'>φάνῃ</span> <span class='ocrx_word' id='word_1_174' title='bbox 348 1553 454 1619; x_wconf 73' lang='grc' dir='ltr'>τὸν</span> <span class='ocrx_word' id='word_1_175' title='bbox 499 1553 930 1638; x_wconf 77' lang='grc' dir='ltr'>κυβερνήτεα),</span> <span class='ocrx_word' id='word_1_176' title='bbox 981 1582 1189 1637; x_wconf 83' lang='lat' dir='ltr'>quum,</span> <span class='ocrx_word' id='word_1_177' title='bbox 1245 1562 1463 1619; x_wconf 76' lang='lat' dir='ltr'>etiamsi</span> <span class='ocrx_word' id='word_1_178' title='bbox 1506 1562 1615 1619; x_wconf 86' lang='lat' dir='ltr'>boc</span> <span class='ocrx_word' id='word_1_179' title='bbox 1666 1563 1790 1619; x_wconf 85' lang='lat' dir='ltr'>loco</span> <span class='ocrx_word' id='word_1_180' title='bbox 1840 1580 1953 1619; x_wconf 77' lang='lat' dir='ltr'>non</span> <span class='ocrx_word' id='word_1_181' title='bbox 1997 1578 2229 1634; x_wconf 78' lang='lat' dir='ltr'>urgeam</span> <span class='ocrx_word' id='word_1_182' title='bbox 2286 1560 2399 1616; x_wconf 77' lang='lat' dir='ltr'>dis-</span> 
     </span>
     <span class='ocr_line' id='line_1_18' title="bbox 117 1641 2400 1721; baseline 0 -22"><span class='ocrx_word' id='word_1_183' title='bbox 117 1642 332 1699; x_wconf 82' lang='lat' dir='ltr'>crimen</span> <span class='ocrx_word' id='word_1_184' title='bbox 377 1641 514 1708; x_wconf 77' lang='lat' dir='ltr'>illud</span> <span class='ocrx_word' id='word_1_185' title='bbox 558 1661 594 1701; x_wconf 87' lang='lat' dir='ltr'>a</span> <span class='ocrx_word' id='word_1_186' title='bbox 635 1642 974 1703; x_wconf 86' lang='lat' dir='ltr'>Casaubono</span> <span class='ocrx_word' id='word_1_187' title='bbox 1016 1646 1093 1703; x_wconf 88' lang='lat' dir='ltr'>ad</span> <span class='ocrx_word' id='word_1_188' title='bbox 1129 1645 1334 1707; x_wconf 79' lang='lat' dir='ltr'>Athen.</span> <span class='ocrx_word' id='word_1_189' title='bbox 1376 1646 1451 1717; x_wconf 80' lang='lat' dir='ltr'>V,</span> <span class='ocrx_word' id='word_1_190' title='bbox 1492 1651 1550 1721; x_wconf 81' lang='grc'>8,</span> <span class='ocrx_word' id='word_1_191' title='bbox 1592 1664 1649 1721; x_wconf 83' lang='lat' dir='ltr'>p.</span> <span class='ocrx_word' id='word_1_192' title='bbox 1700 1650 1805 1703; x_wconf 76' lang='lat'>352</span> <span class='ocrx_word' id='word_1_193' title='bbox 1834 1645 1891 1701; x_wconf 87' lang='lat' dir='ltr'>in</span> <span class='ocrx_word' id='word_1_194' title='bbox 1935 1645 2246 1707; x_wconf 80' lang='lat' dir='ltr'>universum</span> <span class='ocrx_word' id='word_1_195' title='bbox 2274 1644 2400 1717; x_wconf 88' lang='lat' dir='ltr'>qui-</span> 
     </span>
     <span class='ocr_line' id='line_1_19' title="bbox 119 1723 2399 1803; baseline -0 -20"><span class='ocrx_word' id='word_1_196' title='bbox 119 1728 260 1783; x_wconf 89' lang='lat' dir='ltr'>dem</span> <span class='ocrx_word' id='word_1_197' title='bbox 305 1732 453 1783; x_wconf 87' lang='lat' dir='ltr'>recte</span> <span class='ocrx_word' id='word_1_198' title='bbox 501 1730 854 1803; x_wconf 86' lang='lat' dir='ltr'>propositum</span> <span class='ocrx_word' id='word_1_199' title='bbox 896 1729 1040 1789; x_wconf 86' lang='lat' dir='ltr'>inter</span> <span class='ocrx_word' id='word_1_200' title='bbox 1087 1728 1384 1798; x_wconf 79' lang='grc' dir='ltr'><strong><em>στέφανος</em></strong></span> <span class='ocrx_word' id='word_1_201' title='bbox 1444 1736 1505 1785; x_wconf 84' lang='lat' dir='ltr'>et</span> <span class='ocrx_word' id='word_1_202' title='bbox 1564 1723 1835 1803; x_wconf 76' lang='grc' dir='ltr'><strong><em>στεφάνη</em></strong></span> <span class='ocrx_word' id='word_1_203' title='bbox 1894 1725 2224 1802; x_wconf 78' lang='grc' dir='ltr'><strong><em>(στέφανον</em></strong></span> <span class='ocrx_word' id='word_1_204' title='bbox 2290 1725 2399 1783; x_wconf 87' lang='lat' dir='ltr'>dici</span> 
     </span>
     <span class='ocr_line' id='line_1_20' title="bbox 117 1809 2399 1887; baseline 0.001 -21"><span class='ocrx_word' id='word_1_205' title='bbox 117 1809 403 1887; x_wconf 81' lang='lat' dir='ltr'>plectilem</span> <span class='ocrx_word' id='word_1_206' title='bbox 439 1812 754 1875; x_wconf 74' lang='lat' dir='ltr'>tortilemve</span> <span class='ocrx_word' id='word_1_207' title='bbox 792 1818 892 1870; x_wconf 84' lang='lat' dir='ltr'>aut</span> <span class='ocrx_word' id='word_1_208' title='bbox 934 1813 1312 1887; x_wconf 83' lang='lat' dir='ltr'>cujuscunque</span> <span class='ocrx_word' id='word_1_209' title='bbox 1353 1813 1583 1868; x_wconf 74' lang='lat' dir='ltr'>tandem</span> <span class='ocrx_word' id='word_1_210' title='bbox 1620 1812 1839 1886; x_wconf 85' lang='lat' dir='ltr'>generis</span> <span class='ocrx_word' id='word_1_211' title='bbox 1895 1828 2191 1880; x_wconf 76' lang='lat' dir='ltr'>coronam,</span> <span class='ocrx_word' id='word_1_212' title='bbox 2251 1827 2399 1885; x_wconf 86' lang='lat' dir='ltr'>quae</span> 
     </span>
     <span class='ocr_line' id='line_1_21' title="bbox 117 1892 2396 1973; baseline 0 -22"><span class='ocrx_word' id='word_1_213' title='bbox 117 1904 256 1952; x_wconf 90' lang='lat' dir='ltr'>toro</span> <span class='ocrx_word' id='word_1_214' title='bbox 299 1902 536 1965; x_wconf 87' lang='lat' dir='ltr'>constet,</span> <span class='ocrx_word' id='word_1_215' title='bbox 585 1893 895 1973; x_wconf 69' lang='grc' dir='ltr'><strong><em>στεφάνην</em></strong></span> <span class='ocrx_word' id='word_1_216' title='bbox 937 1917 1072 1954; x_wconf 83' lang='lat' dir='ltr'>vero</span> <span class='ocrx_word' id='word_1_217' title='bbox 1117 1916 1230 1954; x_wconf 87' lang='lat' dir='ltr'>non</span> <span class='ocrx_word' id='word_1_218' title='bbox 1280 1914 1405 1953; x_wconf 86' lang='lat' dir='ltr'>esse</span> <span class='ocrx_word' id='word_1_219' title='bbox 1447 1901 1649 1968; x_wconf 83' lang='lat' dir='ltr'>torum,</span> <span class='ocrx_word' id='word_1_220' title='bbox 1700 1896 1801 1954; x_wconf 83' lang='lat' dir='ltr'>sed</span> <span class='ocrx_word' id='word_1_221' title='bbox 1860 1892 2086 1953; x_wconf 84' lang='lat' dir='ltr'>limbum</span> <span class='ocrx_word' id='word_1_222' title='bbox 2144 1893 2396 1969; x_wconf 81' lang='lat' dir='ltr'>aliquan-</span> 
     </span>
    </p>
   </div>
   <div class='ocr_carea' id='block_1_3' title="bbox 27 1977 2397 2055">
    <p class='ocr_par' dir='ltr' id='par_1_3' title="bbox 27 1977 2397 2055">
     <span class='ocr_line' id='line_1_22' title="bbox 27 1977 2397 2055; baseline 0.003 -22"><span class='ocrx_word' id='word_1_223' title='bbox 27 2029 43 2033; x_wconf 70' lang='lat'><strong><em>„</em></strong></span> <span class='ocrx_word' id='word_1_224' title='bbox 120 1984 222 2037; x_wconf 85' lang='lat' dir='ltr'>tae</span> <span class='ocrx_word' id='word_1_225' title='bbox 261 1977 568 2037; x_wconf 77' lang='lat' dir='ltr'>altitudinis</span> <span class='ocrx_word' id='word_1_226' title='bbox 613 1981 666 2037; x_wconf 90' lang='lat' dir='ltr'>in</span> <span class='ocrx_word' id='word_1_227' title='bbox 727 1982 918 2041; x_wconf 84' lang='lat' dir='ltr'>orbem</span> <span class='ocrx_word' id='word_1_228' title='bbox 955 1982 1218 2052; x_wconf 67' lang='lat' dir='ltr'>ductuum</span> <span class='ocrx_word' id='word_1_229' title='bbox 1261 1988 1435 2055; x_wconf 85' lang='lat' dir='ltr'>atque</span> <span class='ocrx_word' id='word_1_230' title='bbox 1474 2000 1545 2039; x_wconf 78' lang='lat' dir='ltr'>ex</span> <span class='ocrx_word' id='word_1_231' title='bbox 1590 2000 1659 2037; x_wconf 89' lang='lat' dir='ltr'>eo</span> <span class='ocrx_word' id='word_1_232' title='bbox 1713 1998 1995 2039; x_wconf 79' lang='lat' dir='ltr'>murorum</span> <span class='ocrx_word' id='word_1_233' title='bbox 2046 1979 2223 2037; x_wconf 77' lang='lat' dir='ltr'>minas</span> <span class='ocrx_word' id='word_1_234' title='bbox 2266 1996 2397 2041; x_wconf 68' lang='lat' dir='ltr'>ove-</span> 
     </span>
    </p>
   </div>
   <div class='ocr_carea' id='block_1_4' title="bbox 114 2056 2401 4245">
    <p class='ocr_par' dir='ltr' id='par_1_4' title="bbox 114 2056 2393 2733">
     <span class='ocr_line' id='line_1_23' title="bbox 119 2056 2392 2139; baseline 0 -16"><span class='ocrx_word' id='word_1_235' title='bbox 119 2058 334 2139; x_wconf 75' lang='grc' dir='ltr'><strong><em>φάνας</em></strong></span> <span class='ocrx_word' id='word_1_236' title='bbox 373 2064 553 2121; x_wconf 82' lang='lat' dir='ltr'>dictas</span> <span class='ocrx_word' id='word_1_237' title='bbox 597 2083 721 2125; x_wconf 85' lang='lat' dir='ltr'>esse</span> <span class='ocrx_word' id='word_1_238' title='bbox 767 2066 1020 2139; x_wconf 75' lang='lat' dir='ltr'>Graecis,</span> <span class='ocrx_word' id='word_1_239' title='bbox 1065 2084 1178 2123; x_wconf 85' lang='lat' dir='ltr'>non</span> <span class='ocrx_word' id='word_1_240' title='bbox 1225 2060 1583 2137; x_wconf 73' lang='grc' dir='ltr'><strong><em>στεφάνους,</em></strong></span> <span class='ocrx_word' id='word_1_241' title='bbox 1612 2066 1683 2123; x_wconf 83' lang='lat' dir='ltr'>cf.</span> <span class='ocrx_word' id='word_1_242' title='bbox 1738 2076 1797 2123; x_wconf 85' lang='lat' dir='ltr'>et</span> <span class='ocrx_word' id='word_1_243' title='bbox 1846 2064 2008 2121; x_wconf 80' lang='lat' dir='ltr'>Eust.</span> <span class='ocrx_word' id='word_1_244' title='bbox 2060 2064 2135 2121; x_wconf 81' lang='lat' dir='ltr'>ad</span> <span class='ocrx_word' id='word_1_245' title='bbox 2190 2061 2259 2122; x_wconf 84' lang='lat' dir='ltr'>Jl.</span> <span class='ocrx_word' id='word_1_246' title='bbox 2316 2056 2392 2137; x_wconf 84' lang='grc' dir='ltr'>κ’,</span> 
     </span>
     <span class='ocr_line' id='line_1_24' title="bbox 116 2141 2393 2227; baseline 0 -20"><span class='ocrx_word' id='word_1_247' title='bbox 116 2168 182 2226; x_wconf 86' lang='lat' dir='ltr'>p.</span> <span class='ocrx_word' id='word_1_248' title='bbox 227 2152 540 2209; x_wconf 75' lang='lat'><strong>700=787.</strong></span> <span class='ocrx_word' id='word_1_249' title='bbox 586 2147 772 2227; x_wconf 80' lang='lat' dir='ltr'>Apoll.</span> <span class='ocrx_word' id='word_1_250' title='bbox 815 2150 920 2209; x_wconf 87' lang='lat' dir='ltr'>lex.</span> <span class='ocrx_word' id='word_1_251' title='bbox 981 2170 1027 2209; x_wconf 84' lang='lat' dir='ltr'>s.</span> <span class='ocrx_word' id='word_1_252' title='bbox 1075 2151 1179 2223; x_wconf 80' lang='lat' dir='ltr'><strong>v.)‚</strong></span> <span class='ocrx_word' id='word_1_253' title='bbox 1227 2156 1411 2209; x_wconf 85' lang='lat' dir='ltr'>tamen</span> <span class='ocrx_word' id='word_1_254' title='bbox 1454 2144 1536 2209; x_wconf 73' lang='lat' dir='ltr'>et¹</span> <span class='ocrx_word' id='word_1_255' title='bbox 1570 2150 1665 2209; x_wconf 91' lang='lat' dir='ltr'>Vl.</span> <span class='ocrx_word' id='word_1_256' title='bbox 1728 2152 1799 2209; x_wconf 84' lang='grc'>69</span> <span class='ocrx_word' id='word_1_257' title='bbox 1854 2143 1994 2217; x_wconf 71' lang='grc' dir='ltr'>τούς</span> <span class='ocrx_word' id='word_1_258' title='bbox 2050 2141 2393 2223; x_wconf 76' lang='grc' dir='ltr'><em>στεφάνους</em></span> 
     </span>
     <span class='ocr_line' id='line_1_25' title="bbox 117 2230 2393 2313; baseline 0 -20"><span class='ocrx_word' id='word_1_259' title='bbox 117 2264 212 2277; x_wconf 87' lang='grc'>-·</span> <span class='ocrx_word' id='word_1_260' title='bbox 253 2230 388 2309; x_wconf 72' lang='grc' dir='ltr'><strong><em>ἐμοὶ</em></strong></span> <span class='ocrx_word' id='word_1_261' title='bbox 432 2235 762 2313; x_wconf 80' lang='grc' dir='ltr'><strong><em>περιετίθει</em></strong></span> <span class='ocrx_word' id='word_1_262' title='bbox 801 2254 996 2293; x_wconf 84' lang='lat' dir='ltr'>omnes</span> <span class='ocrx_word' id='word_1_263' title='bbox 1040 2234 1163 2291; x_wconf 86' lang='lat' dir='ltr'>libri</span> <span class='ocrx_word' id='word_1_264' title='bbox 1205 2235 1589 2311; x_wconf 69' lang='lat' dir='ltr'>suppeditent,</span> <span class='ocrx_word' id='word_1_265' title='bbox 1634 2240 1691 2292; x_wconf 90' lang='lat' dir='ltr'>et</span> <span class='ocrx_word' id='word_1_266' title='bbox 1730 2232 1889 2295; x_wconf 79' lang='lat' dir='ltr'>Vm.</span> <span class='ocrx_word' id='word_1_267' title='bbox 1930 2237 2001 2291; x_wconf 79' lang='lat'>26</span> <span class='ocrx_word' id='word_1_268' title='bbox 2034 2235 2145 2310; x_wconf 77' lang='grc' dir='ltr'>τῆς</span> <span class='ocrx_word' id='word_1_269' title='bbox 2189 2230 2393 2307; x_wconf 76' lang='grc' dir='ltr'><strong><em>ἐλαίης</em></strong></span> 
     </span>
     <span class='ocr_line' id='line_1_26' title="bbox 114 2311 2393 2395; baseline -0.001 -18"><span class='ocrx_word' id='word_1_270' title='bbox 114 2312 232 2377; x_wconf 74' lang='grc' dir='ltr'>τᾶν</span> <span class='ocrx_word' id='word_1_271' title='bbox 265 2311 590 2394; x_wconf 72' lang='grc' dir='ltr'><strong><em>διδόμενον</em></strong></span> <span class='ocrx_word' id='word_1_272' title='bbox 633 2318 952 2395; x_wconf 72' lang='grc' dir='ltr'><strong><em>στέφανον.</em></strong></span> <span class='ocrx_word' id='word_1_273' title='bbox 1037 2318 1242 2393; x_wconf 83' lang='lat' dir='ltr'>Neque</span> <span class='ocrx_word' id='word_1_274' title='bbox 1305 2338 1641 2393; x_wconf 78' lang='lat' dir='ltr'>quemquam</span> <span class='ocrx_word' id='word_1_275' title='bbox 1699 2318 1954 2377; x_wconf 81' lang='lat' dir='ltr'>offendet</span> <span class='ocrx_word' id='word_1_276' title='bbox 2014 2322 2075 2373; x_wconf 83' lang='lat' dir='ltr'>ut</span> <span class='ocrx_word' id='word_1_277' title='bbox 2134 2317 2209 2377; x_wconf 84' lang='lat' dir='ltr'>ab</span> <span class='ocrx_word' id='word_1_278' title='bbox 2268 2316 2393 2375; x_wconf 76' lang='lat' dir='ltr'>aliis</span> 
     </span>
     <span class='ocr_line' id='line_1_27' title="bbox 118 2397 2391 2478; baseline -0.002 -17"><span class='ocrx_word' id='word_1_279' title='bbox 118 2401 356 2461; x_wconf 86' lang='lat' dir='ltr'>Graecis</span> <span class='ocrx_word' id='word_1_280' title='bbox 385 2402 466 2459; x_wconf 86' lang='lat' dir='ltr'>sic</span> <span class='ocrx_word' id='word_1_281' title='bbox 495 2402 662 2460; x_wconf 80' lang='lat' dir='ltr'>etiam</span> <span class='ocrx_word' id='word_1_282' title='bbox 703 2424 738 2461; x_wconf 87' lang='lat' dir='ltr'>a</span> <span class='ocrx_word' id='word_1_283' title='bbox 781 2411 974 2462; x_wconf 82' lang='lat' dir='ltr'>nostro</span> <span class='ocrx_word' id='word_1_284' title='bbox 1033 2409 1358 2478; x_wconf 80' lang='lat' dir='ltr'>usurpatum</span> <span class='ocrx_word' id='word_1_285' title='bbox 1426 2397 1933 2476; x_wconf 78' lang='grc' dir='ltr'><strong><em>στεφανηφόρους</em></strong></span> <span class='ocrx_word' id='word_1_286' title='bbox 1989 2400 2059 2461; x_wconf 88' lang='lat' dir='ltr'>V.</span> <span class='ocrx_word' id='word_1_287' title='bbox 2128 2405 2229 2467; x_wconf 71' lang='grc'>102</span> <span class='ocrx_word' id='word_1_288' title='bbox 2287 2399 2391 2473; x_wconf 78' lang='lat' dir='ltr'>(cf.</span> 
     </span>
     <span class='ocr_line' id='line_1_28' title="bbox 119 2481 2391 2564; baseline -0.003 -21"><span class='ocrx_word' id='word_1_289' title='bbox 119 2484 271 2543; x_wconf 89' lang='lat' dir='ltr'>Lob.</span> <span class='ocrx_word' id='word_1_290' title='bbox 324 2481 578 2560; x_wconf 83' lang='lat' dir='ltr'>Parerg.‚</span> <span class='ocrx_word' id='word_1_291' title='bbox 615 2507 668 2563; x_wconf 90' lang='lat' dir='ltr'>p.</span> <span class='ocrx_word' id='word_1_292' title='bbox 713 2492 818 2546; x_wconf 75' lang='lat'>649</span> <span class='ocrx_word' id='word_1_293' title='bbox 861 2489 1000 2564; x_wconf 83' lang='lat' dir='ltr'><strong>sq.)‚</strong></span> <span class='ocrx_word' id='word_1_294' title='bbox 1053 2506 1255 2561; x_wconf 83' lang='lat' dir='ltr'>quare,</span> <span class='ocrx_word' id='word_1_295' title='bbox 1304 2493 1364 2543; x_wconf 85' lang='lat' dir='ltr'>ut</span> <span class='ocrx_word' id='word_1_296' title='bbox 1417 2486 1524 2543; x_wconf 89' lang='lat' dir='ltr'>hoc</span> <span class='ocrx_word' id='word_1_297' title='bbox 1574 2488 1739 2543; x_wconf 82' lang='lat' dir='ltr'>etiam</span> <span class='ocrx_word' id='word_1_298' title='bbox 1800 2485 1909 2541; x_wconf 82' lang='lat' dir='ltr'>hoc</span> <span class='ocrx_word' id='word_1_299' title='bbox 1962 2481 2087 2538; x_wconf 85' lang='lat' dir='ltr'>loco</span> <span class='ocrx_word' id='word_1_300' title='bbox 2142 2482 2391 2554; x_wconf 80' lang='lat' dir='ltr'>afferam,</span> 
     </span>
     <span class='ocr_line' id='line_1_29' title="bbox 117 2563 2393 2647; baseline -0.001 -21"><span class='ocrx_word' id='word_1_301' title='bbox 117 2570 396 2647; x_wconf 84' lang='lat' dir='ltr'>scriptura</span> <span class='ocrx_word' id='word_1_302' title='bbox 439 2578 688 2627; x_wconf 83' lang='lat' dir='ltr'>veterum</span> <span class='ocrx_word' id='word_1_303' title='bbox 739 2571 1046 2627; x_wconf 79' lang='lat' dir='ltr'>editionum</span> <span class='ocrx_word' id='word_1_304' title='bbox 1109 2563 1491 2645; x_wconf 79' lang='grc' dir='ltr'><strong><em>σειροφόρων</em></strong></span> <span class='ocrx_word' id='word_1_305' title='bbox 1550 2568 1647 2625; x_wconf 85' lang='lat' dir='ltr'>lll.</span> <span class='ocrx_word' id='word_1_306' title='bbox 1710 2573 1811 2629; x_wconf 79' lang='lat'>102</span> <span class='ocrx_word' id='word_1_307' title='bbox 1873 2565 2239 2639; x_wconf 66' lang='lat' dir='ltr'>vituperanda</span> <span class='ocrx_word' id='word_1_308' title='bbox 2304 2570 2393 2624; x_wconf 77' lang='lat' dir='ltr'>est</span> 
     </span>
     <span class='ocr_line' id='line_1_30' title="bbox 118 2645 2326 2733; baseline -0.004 -25"><span class='ocrx_word' id='word_1_309' title='bbox 118 2674 228 2732; x_wconf 83' lang='lat' dir='ltr'>pro</span> <span class='ocrx_word' id='word_1_310' title='bbox 285 2672 418 2711; x_wconf 79' lang='lat' dir='ltr'>vera</span> <span class='ocrx_word' id='word_1_311' title='bbox 468 2650 841 2733; x_wconf 80' lang='grc' dir='ltr'><strong><em>σειρηφόρον</em></strong></span> <span class='ocrx_word' id='word_1_312' title='bbox 894 2674 928 2710; x_wconf 88' lang='lat' dir='ltr'>a</span> <span class='ocrx_word' id='word_1_313' title='bbox 969 2654 1135 2709; x_wconf 89' lang='lat' dir='ltr'>codd.</span> <span class='ocrx_word' id='word_1_314' title='bbox 1179 2654 1240 2709; x_wconf 83' lang='lat' dir='ltr'>S.</span> <span class='ocrx_word' id='word_1_315' title='bbox 1287 2652 1346 2709; x_wconf 89' lang='lat' dir='ltr'>P.</span> <span class='ocrx_word' id='word_1_316' title='bbox 1391 2651 1465 2709; x_wconf 90' lang='lat' dir='ltr'>K.</span> <span class='ocrx_word' id='word_1_317' title='bbox 1502 2650 1581 2709; x_wconf 79' lang='lat' dir='ltr'>M.</span> <span class='ocrx_word' id='word_1_318' title='bbox 1631 2651 1697 2709; x_wconf 90' lang='lat' dir='ltr'>F.</span> <span class='ocrx_word' id='word_1_319' title='bbox 1744 2649 1819 2716; x_wconf 54' lang='lat' dir='ltr'>V.</span> <span class='ocrx_word' id='word_1_320' title='bbox 1848 2646 2017 2705; x_wconf 85' lang='lat' dir='ltr'>Paris.</span> <span class='ocrx_word' id='word_1_321' title='bbox 2070 2645 2326 2703; x_wconf 80' lang='lat' dir='ltr'>exhibita.</span> 
     </span>
    </p>

    <p class='ocr_par' dir='ltr' id='par_1_5' title="bbox 119 2725 2401 3406">
     <span class='ocr_line' id='line_1_31' title="bbox 294 2725 2401 2813; baseline -0.002 -18"><span class='ocrx_word' id='word_1_322' title='bbox 294 2738 418 2795; x_wconf 84' lang='lat' dir='ltr'>Alia</span> <span class='ocrx_word' id='word_1_323' title='bbox 470 2745 556 2795; x_wconf 80' lang='lat' dir='ltr'>est</span> <span class='ocrx_word' id='word_1_324' title='bbox 612 2738 754 2795; x_wconf 79' lang='lat' dir='ltr'>ratio</span> <span class='ocrx_word' id='word_1_325' title='bbox 821 2737 1128 2813; x_wconf 82' lang='lat' dir='ltr'>scripturae</span> <span class='ocrx_word' id='word_1_326' title='bbox 1189 2736 1593 2803; x_wconf 46' lang='lat' dir='ltr'>fluctuationis,</span> <span class='ocrx_word' id='word_1_327' title='bbox 1632 2734 1724 2793; x_wconf 92' lang='lat' dir='ltr'>lV.</span> <span class='ocrx_word' id='word_1_328' title='bbox 1784 2736 1887 2791; x_wconf 72' lang='lat'>183</span> <span class='ocrx_word' id='word_1_329' title='bbox 1954 2732 2099 2789; x_wconf 84' lang='lat' dir='ltr'>iuter</span> <span class='ocrx_word' id='word_1_330' title='bbox 2162 2725 2401 2808; x_wconf 77' lang='grc' dir='ltr'><strong><em>σαύρας,</em></strong></span> 
     </span>
     <span class='ocr_line' id='line_1_32' title="bbox 119 2816 2391 2903; baseline -0.003 -22"><span class='ocrx_word' id='word_1_331' title='bbox 119 2842 274 2881; x_wconf 87' lang='lat' dir='ltr'>nunc</span> <span class='ocrx_word' id='word_1_332' title='bbox 321 2822 474 2897; x_wconf 82' lang='lat' dir='ltr'>vulg.</span> <span class='ocrx_word' id='word_1_333' title='bbox 523 2842 648 2879; x_wconf 88' lang='lat' dir='ltr'>cum</span> <span class='ocrx_word' id='word_1_334' title='bbox 685 2824 746 2879; x_wconf 92' lang='lat' dir='ltr'>S.</span> <span class='ocrx_word' id='word_1_335' title='bbox 794 2822 860 2879; x_wconf 92' lang='lat' dir='ltr'>V.</span> <span class='ocrx_word' id='word_1_336' title='bbox 914 2828 971 2879; x_wconf 82' lang='lat' dir='ltr'>et</span> <span class='ocrx_word' id='word_1_337' title='bbox 1015 2817 1279 2898; x_wconf 74' lang='grc' dir='ltr'><strong><em>σαύρους</em></strong></span> <span class='ocrx_word' id='word_1_338' title='bbox 1339 2821 1593 2883; x_wconf 84' lang='lat' dir='ltr'>codicum</span> <span class='ocrx_word' id='word_1_339' title='bbox 1646 2820 1725 2879; x_wconf 83' lang='lat' dir='ltr'>M.</span> <span class='ocrx_word' id='word_1_340' title='bbox 1779 2817 1844 2903; x_wconf 91' lang='lat' dir='ltr'>F.</span> <span class='ocrx_word' id='word_1_341' title='bbox 1898 2835 1949 2872; x_wconf 90' lang='lat' dir='ltr'>a.</span> <span class='ocrx_word' id='word_1_342' title='bbox 2006 2816 2061 2873; x_wconf 89' lang='lat' dir='ltr'>b.</span> <span class='ocrx_word' id='word_1_343' title='bbox 2108 2836 2157 2875; x_wconf 91' lang='lat' dir='ltr'>c.</span> <span class='ocrx_word' id='word_1_344' title='bbox 2219 2822 2391 2890; x_wconf 82' lang='lat' dir='ltr'>atque</span> 
     </span>
     <span class='ocr_line' id='line_1_33' title="bbox 119 2896 2387 2984; baseline -0.004 -20"><span class='ocrx_word' id='word_1_345' title='bbox 119 2908 195 2964; x_wconf 90' lang='lat' dir='ltr'>ab</span> <span class='ocrx_word' id='word_1_346' title='bbox 246 2905 540 2969; x_wconf 79' lang='lat' dir='ltr'>Eustathio</span> <span class='ocrx_word' id='word_1_347' title='bbox 583 2908 659 2965; x_wconf 84' lang='lat' dir='ltr'>ad</span> <span class='ocrx_word' id='word_1_348' title='bbox 713 2906 785 2969; x_wconf 91' lang='lat' dir='ltr'>D.</span> <span class='ocrx_word' id='word_1_349' title='bbox 828 2906 890 2964; x_wconf 92' lang='lat' dir='ltr'>P.</span> <span class='ocrx_word' id='word_1_350' title='bbox 936 2924 1017 2971; x_wconf 82' lang='lat' dir='ltr'>vs.</span> <span class='ocrx_word' id='word_1_351' title='bbox 1063 2912 1164 2965; x_wconf 83' lang='lat'>180</span> <span class='ocrx_word' id='word_1_352' title='bbox 1211 2912 1529 2984; x_wconf 79' lang='lat' dir='ltr'>receptum3</span> <span class='ocrx_word' id='word_1_353' title='bbox 1572 2922 1809 2979; x_wconf 85' lang='lat' dir='ltr'>quorum</span> <span class='ocrx_word' id='word_1_354' title='bbox 1850 2900 1990 2959; x_wconf 89' lang='lat' dir='ltr'>illud</span> <span class='ocrx_word' id='word_1_355' title='bbox 2032 2900 2185 2976; x_wconf 82' lang='lat' dir='ltr'>prius</span> <span class='ocrx_word' id='word_1_356' title='bbox 2244 2896 2387 2961; x_wconf 74' lang='grc' dir='ltr'><strong><em>σού.</em></strong></span> 
     </span>
     <span class='ocr_line' id='line_1_34' title="bbox 119 2980 2386 3072; baseline -0.003 -23"><span class='ocrx_word' id='word_1_357' title='bbox 119 3014 233 3067; x_wconf 85' lang='grc' dir='ltr'>ρας</span> <span class='ocrx_word' id='word_1_358' title='bbox 273 2992 402 3047; x_wconf 88' lang='lat' dir='ltr'>ideo</span> <span class='ocrx_word' id='word_1_359' title='bbox 451 2992 736 3067; x_wconf 85' lang='lat' dir='ltr'>praeferre</span> <span class='ocrx_word' id='word_1_360' title='bbox 776 2990 984 3063; x_wconf 86' lang='lat' dir='ltr'>malim,</span> <span class='ocrx_word' id='word_1_361' title='bbox 1025 2992 1182 3067; x_wconf 90' lang='lat' dir='ltr'>quod</span> <span class='ocrx_word' id='word_1_362' title='bbox 1228 2990 1319 3047; x_wconf 78' lang='lat' dir='ltr'>lv.</span> <span class='ocrx_word' id='word_1_363' title='bbox 1357 2994 1459 3049; x_wconf 80' lang='lat'>192</span> <span class='ocrx_word' id='word_1_364' title='bbox 1492 2993 1629 3072; x_wconf 71' lang='grc' dir='ltr'><strong><em>τῇσι</em></strong></span> <span class='ocrx_word' id='word_1_365' title='bbox 1661 2980 1921 3068; x_wconf 68' lang='grc' dir='ltr'><strong><em>σαύρῃσι</em></strong></span> <span class='ocrx_word' id='word_1_366' title='bbox 1954 2984 2227 3043; x_wconf 80' lang='lat' dir='ltr'>communi</span> <span class='ocrx_word' id='word_1_367' title='bbox 2266 3004 2386 3043; x_wconf 86' lang='lat' dir='ltr'>om·-</span> 
     </span>
     <span class='ocr_line' id='line_1_35' title="bbox 119 3068 2384 3149; baseline -0.004 -16"><span class='ocrx_word' id='word_1_368' title='bbox 119 3077 272 3133; x_wconf 84' lang='lat' dir='ltr'>nium</span> <span class='ocrx_word' id='word_1_369' title='bbox 323 3075 580 3133; x_wconf 86' lang='lat' dir='ltr'>librorum</span> <span class='ocrx_word' id='word_1_370' title='bbox 629 3094 906 3135; x_wconf 83' lang='lat' dir='ltr'>consensu</span> <span class='ocrx_word' id='word_1_371' title='bbox 951 3075 1208 3135; x_wconf 86' lang='lat' dir='ltr'>munitur.</span> <span class='ocrx_word' id='word_1_372' title='bbox 1301 3073 1487 3149; x_wconf 77' lang='lat' dir='ltr'>Atque</span> <span class='ocrx_word' id='word_1_373' title='bbox 1517 3074 1877 3147; x_wconf 80' lang='lat' dir='ltr'>rejiciendum</span> <span class='ocrx_word' id='word_1_374' title='bbox 1936 3076 2022 3127; x_wconf 79' lang='lat' dir='ltr'>est</span> <span class='ocrx_word' id='word_1_375' title='bbox 2074 3070 2231 3143; x_wconf 87' lang='lat' dir='ltr'>quod</span> <span class='ocrx_word' id='word_1_376' title='bbox 2292 3068 2384 3126; x_wconf 90' lang='grc' dir='ltr'><strong>ΙΧ.</strong></span> 
     </span>
     <span class='ocr_line' id='line_1_36' title="bbox 121 3146 2388 3239; baseline -0.002 -23"><span class='ocrx_word' id='word_1_377' title='bbox 121 3164 194 3219; x_wconf 89' lang='grc'>76</span> <span class='ocrx_word' id='word_1_378' title='bbox 233 3159 324 3217; x_wconf 85' lang='lat' dir='ltr'>alii</span> <span class='ocrx_word' id='word_1_379' title='bbox 367 3179 470 3236; x_wconf 88' lang='lat' dir='ltr'>pro</span> <span class='ocrx_word' id='word_1_380' title='bbox 516 3159 730 3235; x_wconf 81' lang='lat' dir='ltr'>vulgat.</span> <span class='ocrx_word' id='word_1_381' title='bbox 781 3160 846 3223; x_wconf 74' lang='grc' dir='ltr'>ἐν</span> <span class='ocrx_word' id='word_1_382' title='bbox 885 3164 1023 3239; x_wconf 74' lang='grc' dir='ltr'><strong><em>τῇσι</em></strong></span> <span class='ocrx_word' id='word_1_383' title='bbox 1067 3154 1296 3239; x_wconf 74' lang='grc' dir='ltr'><strong><em>φὸνῃσι</em></strong></span> <span class='ocrx_word' id='word_1_384' title='bbox 1338 3166 1667 3235; x_wconf 80' lang='lat' dir='ltr'>receperunt</span> <span class='ocrx_word' id='word_1_385' title='bbox 1710 3154 1994 3230; x_wconf 80' lang='grc' dir='ltr'><strong><em>φόνοισι,</em></strong></span> <span class='ocrx_word' id='word_1_386' title='bbox 2046 3171 2218 3227; x_wconf 85' lang='lat' dir='ltr'>quum</span> <span class='ocrx_word' id='word_1_387' title='bbox 2271 3146 2388 3219; x_wconf 80' lang='grc' dir='ltr'>φό-</span> 
     </span>
     <span class='ocr_line' id='line_1_37' title="bbox 121 3237 2386 3321; baseline -0.004 -18"><span class='ocrx_word' id='word_1_388' title='bbox 121 3264 224 3306; x_wconf 86' lang='grc' dir='ltr'>ναι</span> <span class='ocrx_word' id='word_1_389' title='bbox 273 3249 490 3301; x_wconf 84' lang='lat' dir='ltr'>tantum</span> <span class='ocrx_word' id='word_1_390' title='bbox 531 3263 646 3303; x_wconf 87' lang='lat' dir='ltr'>non</span> <span class='ocrx_word' id='word_1_391' title='bbox 693 3238 882 3321; x_wconf 84' lang='grc' dir='ltr'><strong><em>φόνοι</em></strong></span> <span class='ocrx_word' id='word_1_392' title='bbox 923 3244 979 3301; x_wconf 90' lang='lat' dir='ltr'>in</span> <span class='ocrx_word' id='word_1_393' title='bbox 1027 3242 1224 3320; x_wconf 79' lang='lat' dir='ltr'>plurali</span> <span class='ocrx_word' id='word_1_394' title='bbox 1268 3260 1497 3299; x_wconf 81' lang='lat' dir='ltr'>nurnero</span> <span class='ocrx_word' id='word_1_395' title='bbox 1542 3260 1813 3318; x_wconf 80' lang='lat' dir='ltr'>usurpare</span> <span class='ocrx_word' id='word_1_396' title='bbox 1862 3238 2140 3307; x_wconf 80' lang='lat' dir='ltr'>solerent3</span> <span class='ocrx_word' id='word_1_397' title='bbox 2186 3243 2242 3294; x_wconf 88' lang='lat' dir='ltr'>et</span> <span class='ocrx_word' id='word_1_398' title='bbox 2286 3237 2386 3294; x_wconf 83' lang='lat' dir='ltr'>ha-</span> 
     </span>
     <span class='ocr_line' id='line_1_38' title="bbox 122 3319 2193 3406; baseline -0.004 -21"><span class='ocrx_word' id='word_1_399' title='bbox 122 3330 222 3385; x_wconf 86' lang='lat' dir='ltr'>bes</span> <span class='ocrx_word' id='word_1_400' title='bbox 262 3321 460 3403; x_wconf 82' lang='grc' dir='ltr'><strong><em>φόνος</em></strong></span> <span class='ocrx_word' id='word_1_401' title='bbox 503 3336 653 3385; x_wconf 88' lang='lat' dir='ltr'>recte</span> <span class='ocrx_word' id='word_1_402' title='bbox 701 3329 943 3406; x_wconf 87' lang='lat' dir='ltr'>positum</span> <span class='ocrx_word' id='word_1_403' title='bbox 980 3326 1102 3384; x_wconf 87' lang='lat' dir='ltr'>Vll.</span> <span class='ocrx_word' id='word_1_404' title='bbox 1155 3330 1258 3385; x_wconf 86' lang='lat'>170</span> <span class='ocrx_word' id='word_1_405' title='bbox 1291 3319 1489 3398; x_wconf 82' lang='grc' dir='ltr'><strong><em>φόνος</em></strong></span> <span class='ocrx_word' id='word_1_406' title='bbox 1522 3320 1864 3400; x_wconf 65' lang='grc' dir='ltr'><strong><em>Ἑλληνικὰς</em></strong></span> <span class='ocrx_word' id='word_1_407' title='bbox 1908 3319 2193 3397; x_wconf 79' lang='grc' dir='ltr'><strong><em>μέγιστος.</em></strong></span> 
     </span>
    </p>

    <p class='ocr_par' dir='ltr' id='par_1_6' title="bbox 124 3405 2391 4245">
     <span class='ocr_line' id='line_1_39' title="bbox 289 3405 2384 3485; baseline -0.005 -16"><span class='ocrx_word' id='word_1_408' title='bbox 289 3412 414 3469; x_wconf 85' lang='lat' dir='ltr'>Jam</span> <span class='ocrx_word' id='word_1_409' title='bbox 458 3431 590 3468; x_wconf 88' lang='lat' dir='ltr'>vero</span> <span class='ocrx_word' id='word_1_410' title='bbox 635 3412 797 3471; x_wconf 83' lang='lat' dir='ltr'>valde</span> <span class='ocrx_word' id='word_1_411' title='bbox 848 3412 1035 3482; x_wconf 85' lang='lat' dir='ltr'>miror,</span> <span class='ocrx_word' id='word_1_412' title='bbox 1081 3412 1249 3469; x_wconf 81' lang='lat' dir='ltr'>fuisse</span> <span class='ocrx_word' id='word_1_413' title='bbox 1297 3410 1537 3484; x_wconf 83' lang='lat' dir='ltr'>aliquos,</span> <span class='ocrx_word' id='word_1_414' title='bbox 1576 3413 1673 3485; x_wconf 81' lang='lat' dir='ltr'>qui</span> <span class='ocrx_word' id='word_1_415' title='bbox 1716 3427 1889 3485; x_wconf 83' lang='lat' dir='ltr'>quum</span> <span class='ocrx_word' id='word_1_416' title='bbox 1926 3405 2017 3463; x_wconf 81' lang='lat' dir='ltr'>lv.</span> <span class='ocrx_word' id='word_1_417' title='bbox 2053 3408 2211 3464; x_wconf 72' lang='lat'>1870</span> <span class='ocrx_word' id='word_1_418' title='bbox 2240 3405 2384 3465; x_wconf 57' lang='lat' dir='ltr'>duo,</span> 
     </span>
     <span class='ocr_line' id='line_1_40' title="bbox 124 3488 2381 3577; baseline -0.001 -26"><span class='ocrx_word' id='word_1_419' title='bbox 124 3497 226 3553; x_wconf 84' lang='lat' dir='ltr'>bus</span> <span class='ocrx_word' id='word_1_420' title='bbox 269 3496 548 3553; x_wconf 87' lang='lat' dir='ltr'>codicibus</span> <span class='ocrx_word' id='word_1_421' title='bbox 595 3494 658 3553; x_wconf 79' lang='lat' dir='ltr'>F.</span> <span class='ocrx_word' id='word_1_422' title='bbox 702 3498 760 3553; x_wconf 89' lang='lat' dir='ltr'>S.</span> <span class='ocrx_word' id='word_1_423' title='bbox 807 3495 873 3557; x_wconf 72' lang='grc' dir='ltr'>ἐν</span> <span class='ocrx_word' id='word_1_424' title='bbox 911 3516 1047 3577; x_wconf 80' lang='grc' dir='ltr'><strong><em>τῃσι</em></strong></span> <span class='ocrx_word' id='word_1_425' title='bbox 1089 3488 1451 3573; x_wconf 71' lang='grc' dir='ltr'><strong><em>κροτάφοισι</em></strong></span> <span class='ocrx_word' id='word_1_426' title='bbox 1498 3512 1599 3569; x_wconf 87' lang='lat' dir='ltr'>pro</span> <span class='ocrx_word' id='word_1_427' title='bbox 1631 3494 1841 3569; x_wconf 83' lang='lat' dir='ltr'>vulgat.</span> <span class='ocrx_word' id='word_1_428' title='bbox 1882 3490 1949 3552; x_wconf 71' lang='grc' dir='ltr'>,ἐν</span> <span class='ocrx_word' id='word_1_429' title='bbox 1978 3496 2127 3550; x_wconf 74' lang='grc' dir='ltr'><strong><em>τοῖσι</em></strong></span> <span class='ocrx_word' id='word_1_430' title='bbox 2165 3489 2381 3562; x_wconf 75' lang='grc' dir='ltr'><strong><em>κροτά-</em></strong></span> 
     </span>
     <span class='ocr_line' id='line_1_41' title="bbox 125 3576 2386 3657; baseline -0.002 -21"><span class='ocrx_word' id='word_1_431' title='bbox 125 3598 294 3653; x_wconf 82' lang='grc' dir='ltr'><strong><em>φοισι</em></strong></span> <span class='ocrx_word' id='word_1_432' title='bbox 333 3580 661 3637; x_wconf 71' lang='lat' dir='ltr'>adnotatum</span> <span class='ocrx_word' id='word_1_433' title='bbox 693 3576 1053 3657; x_wconf 68' lang='lat' dir='ltr'>reperissent,</span> <span class='ocrx_word' id='word_1_434' title='bbox 1105 3578 1370 3637; x_wconf 81' lang='lat' dir='ltr'>continuo</span> <span class='ocrx_word' id='word_1_435' title='bbox 1432 3578 1733 3637; x_wconf 78' lang='lat' dir='ltr'>videndum</span> <span class='ocrx_word' id='word_1_436' title='bbox 1786 3595 1910 3633; x_wconf 78' lang='lat' dir='ltr'>esse</span> <span class='ocrx_word' id='word_1_437' title='bbox 1960 3580 2281 3651; x_wconf 81' lang='lat' dir='ltr'>putarent,·</span> <span class='ocrx_word' id='word_1_438' title='bbox 2310 3592 2386 3631; x_wconf 86' lang='lat' dir='ltr'>ne</span> 
     </span>
     <span class='ocr_line' id='line_1_42' title="bbox 125 3656 2383 3735; baseline -0.003 -15"><span class='ocrx_word' id='word_1_439' title='bbox 125 3664 293 3721; x_wconf 82' lang='lat' dir='ltr'>Jones</span> <span class='ocrx_word' id='word_1_440' title='bbox 347 3664 454 3720; x_wconf 85' lang='lat' dir='ltr'>hoc</span> <span class='ocrx_word' id='word_1_441' title='bbox 523 3666 853 3721; x_wconf 84' lang='lat' dir='ltr'>vocabulum</span> <span class='ocrx_word' id='word_1_442' title='bbox 907 3664 1208 3723; x_wconf 87' lang='lat' dir='ltr'>foeminino</span> <span class='ocrx_word' id='word_1_443' title='bbox 1265 3663 1622 3721; x_wconf 76' lang='lat' dir='ltr'>adhibuerint</span> <span class='ocrx_word' id='word_1_444' title='bbox 1674 3681 1896 3735; x_wconf 77' lang='lat' dir='ltr'>genere.</span> <span class='ocrx_word' id='word_1_445' title='bbox 1992 3656 2145 3716; x_wconf 87' lang='lat' dir='ltr'>Nihil</span> <span class='ocrx_word' id='word_1_446' title='bbox 2197 3663 2383 3713; x_wconf 78' lang='lat' dir='ltr'>autem</span> 
     </span>
     <span class='ocr_line' id='line_1_43' title="bbox 125 3741 2383 3823; baseline -0.005 -16"><span class='ocrx_word' id='word_1_447' title='bbox 125 3756 212 3807; x_wconf 88' lang='lat' dir='ltr'>est</span> <span class='ocrx_word' id='word_1_448' title='bbox 256 3748 353 3805; x_wconf 86' lang='lat' dir='ltr'>nisi</span> <span class='ocrx_word' id='word_1_449' title='bbox 400 3748 742 3805; x_wconf 85' lang='lat' dir='ltr'>librariorum</span> <span class='ocrx_word' id='word_1_450' title='bbox 787 3767 972 3817; x_wconf 67' lang='lat' dir='ltr'>error,</span> <span class='ocrx_word' id='word_1_451' title='bbox 1016 3766 1162 3821; x_wconf 79' lang='lat' dir='ltr'>quae</span> <span class='ocrx_word' id='word_1_452' title='bbox 1198 3764 1286 3805; x_wconf 85' lang='lat' dir='ltr'>res</span> <span class='ocrx_word' id='word_1_453' title='bbox 1330 3748 1453 3823; x_wconf 85' lang='lat' dir='ltr'>ipsa</span> <span class='ocrx_word' id='word_1_454' title='bbox 1497 3746 1570 3803; x_wconf 79' lang='lat' dir='ltr'>ad</span> <span class='ocrx_word' id='word_1_455' title='bbox 1615 3747 1837 3803; x_wconf 76' lang='lat' dir='ltr'>tertium</span> <span class='ocrx_word' id='word_1_456' title='bbox 1888 3762 1997 3803; x_wconf 80' lang='lat' dir='ltr'>nos</span> <span class='ocrx_word' id='word_1_457' title='bbox 2050 3741 2203 3799; x_wconf 84' lang='lat' dir='ltr'>ducit</span> <span class='ocrx_word' id='word_1_458' title='bbox 2260 3758 2383 3795; x_wconf 91' lang='lat' dir='ltr'>cor-</span> 
     </span>
     <span class='ocr_line' id='line_1_44' title="bbox 127 3826 2387 3909; baseline -0.005 -20"><span class='ocrx_word' id='word_1_459' title='bbox 127 3832 394 3909; x_wconf 75' lang='lat' dir='ltr'>ruptionis</span> <span class='ocrx_word' id='word_1_460' title='bbox 437 3850 639 3906; x_wconf 83' lang='lat' dir='ltr'>genus,</span> <span class='ocrx_word' id='word_1_461' title='bbox 683 3832 838 3905; x_wconf 90' lang='lat' dir='ltr'>quod</span> <span class='ocrx_word' id='word_1_462' title='bbox 883 3839 971 3889; x_wconf 84' lang='lat' dir='ltr'>est</span> <span class='ocrx_word' id='word_1_463' title='bbox 1025 3832 1100 3889; x_wconf 81' lang='lat' dir='ltr'>de</span> <span class='ocrx_word' id='word_1_464' title='bbox 1147 3830 1455 3907; x_wconf 79' lang='lat' dir='ltr'>scripturae</span> <span class='ocrx_word' id='word_1_465' title='bbox 1496 3830 1912 3907; x_wconf 76' lang='lat' dir='ltr'>depravatione.</span> <span class='ocrx_word' id='word_1_466' title='bbox 1976 3826 2105 3885; x_wconf 84' lang='lat' dir='ltr'>Hoc</span> <span class='ocrx_word' id='word_1_467' title='bbox 2126 3842 2227 3881; x_wconf 83' lang='lat' dir='ltr'>nec</span> <span class='ocrx_word' id='word_1_468' title='bbox 2249 3842 2387 3881; x_wconf 85' lang='lat' dir='ltr'>con·</span> 
     </span>
     <span class='ocr_line' id='line_1_45' title="bbox 127 3906 2386 3987; baseline -0.008 -13"><span class='ocrx_word' id='word_1_469' title='bbox 127 3918 244 3974; x_wconf 87' lang='lat' dir='ltr'>silio</span> <span class='ocrx_word' id='word_1_470' title='bbox 277 3935 378 3975; x_wconf 90' lang='lat' dir='ltr'>nec</span> <span class='ocrx_word' id='word_1_471' title='bbox 419 3916 620 3973; x_wconf 83' lang='lat' dir='ltr'>rationi</span> <span class='ocrx_word' id='word_1_472' title='bbox 657 3917 914 3987; x_wconf 89' lang='lat' dir='ltr'>debetur,</span> <span class='ocrx_word' id='word_1_473' title='bbox 948 3914 1046 3971; x_wconf 86' lang='lat' dir='ltr'>sed</span> <span class='ocrx_word' id='word_1_474' title='bbox 1091 3914 1377 3971; x_wconf 85' lang='lat' dir='ltr'>oculorum</span> <span class='ocrx_word' id='word_1_475' title='bbox 1420 3913 1505 3977; x_wconf 79' lang='lat' dir='ltr'>vel</span> <span class='ocrx_word' id='word_1_476' title='bbox 1544 3914 1757 3973; x_wconf 75' lang='lat' dir='ltr'>aurium</span> <span class='ocrx_word' id='word_1_477' title='bbox 1814 3916 1977 3987; x_wconf 81' lang='lat' dir='ltr'>culpa</span> <span class='ocrx_word' id='word_1_478' title='bbox 2035 3906 2386 3966; x_wconf 79' lang='lat' dir='ltr'>commissum</span> 
     </span>
     <span class='ocr_line' id='line_1_46' title="bbox 125 3986 2386 4073; baseline -0.009 -14"><span class='ocrx_word' id='word_1_479' title='bbox 125 4007 226 4059; x_wconf 88' lang='lat' dir='ltr'>est.</span> <span class='ocrx_word' id='word_1_480' title='bbox 309 3999 543 4057; x_wconf 84' lang='lat' dir='ltr'>Librarii</span> <span class='ocrx_word' id='word_1_481' title='bbox 587 4001 732 4059; x_wconf 82' lang='lat' dir='ltr'>enim</span> <span class='ocrx_word' id='word_1_482' title='bbox 782 3998 869 4057; x_wconf 85' lang='lat' dir='ltr'>vel</span> <span class='ocrx_word' id='word_1_483' title='bbox 925 3998 1124 4057; x_wconf 74' lang='lat' dir='ltr'>similes</span> <span class='ocrx_word' id='word_1_484' title='bbox 1167 3994 1358 4055; x_wconf 80' lang='lat' dir='ltr'>calami</span> <span class='ocrx_word' id='word_1_485' title='bbox 1412 3998 1611 4055; x_wconf 85' lang='lat' dir='ltr'>ductus</span> <span class='ocrx_word' id='word_1_486' title='bbox 1653 3999 1753 4053; x_wconf 80' lang='lat' dir='ltr'>sed</span> <span class='ocrx_word' id='word_1_487' title='bbox 1804 3997 1969 4073; x_wconf 72' lang='lat' dir='ltr'>plane</span> <span class='ocrx_word' id='word_1_488' title='bbox 2011 3991 2258 4047; x_wconf 80' lang='lat' dir='ltr'>diversas</span> <span class='ocrx_word' id='word_1_489' title='bbox 2300 3986 2386 4041; x_wconf 87' lang='lat' dir='ltr'>iu-</span> 
     </span>
     <span class='ocr_line' id='line_1_47' title="bbox 128 4068 2383 4161; baseline -0.008 -19"><span class='ocrx_word' id='word_1_490' title='bbox 128 4085 371 4143; x_wconf 81' lang='lat' dir='ltr'>dicantes</span> <span class='ocrx_word' id='word_1_491' title='bbox 415 4084 621 4140; x_wconf 76' lang='lat' dir='ltr'>litteras</span> <span class='ocrx_word' id='word_1_492' title='bbox 671 4085 758 4142; x_wconf 84' lang='lat' dir='ltr'>vel</span> <span class='ocrx_word' id='word_1_493' title='bbox 808 4083 1048 4161; x_wconf 82' lang='lat' dir='ltr'>syllabas</span> <span class='ocrx_word' id='word_1_494' title='bbox 1091 4082 1235 4141; x_wconf 85' lang='lat' dir='ltr'>inter</span> <span class='ocrx_word' id='word_1_495' title='bbox 1273 4100 1336 4138; x_wconf 86' lang='lat' dir='ltr'>se</span> <span class='ocrx_word' id='word_1_496' title='bbox 1380 4086 1787 4157; x_wconf 79' lang='lat' dir='ltr'>permutarunt,</span> <span class='ocrx_word' id='word_1_497' title='bbox 1828 4077 1914 4134; x_wconf 83' lang='lat' dir='ltr'>vel</span> <span class='ocrx_word' id='word_1_498' title='bbox 1958 4071 2261 4130; x_wconf 70' lang='lat' dir='ltr'>omiserunt</span> <span class='ocrx_word' id='word_1_499' title='bbox 2292 4068 2383 4125; x_wconf 85' lang='lat' dir='ltr'>lit-</span> 
     </span>
     <span class='ocr_line' id='line_1_48' title="bbox 129 4158 2391 4245; baseline -0.008 -18"><span class='ocrx_word' id='word_1_500' title='bbox 129 4175 274 4229; x_wconf 81' lang='lat' dir='ltr'>teras</span> <span class='ocrx_word' id='word_1_501' title='bbox 316 4177 374 4227; x_wconf 86' lang='lat' dir='ltr'>et</span> <span class='ocrx_word' id='word_1_502' title='bbox 421 4166 686 4245; x_wconf 59' lang='lat' dir='ltr'>syllabas,</span> <span class='ocrx_word' id='word_1_503' title='bbox 738 4169 826 4227; x_wconf 82' lang='lat' dir='ltr'>vel</span> <span class='ocrx_word' id='word_1_504' title='bbox 869 4168 952 4226; x_wconf 85' lang='lat' dir='ltr'>bis</span> <span class='ocrx_word' id='word_1_505' title='bbox 994 4167 1354 4245; x_wconf 77' lang='lat' dir='ltr'>scripserunt,</span> <span class='ocrx_word' id='word_1_506' title='bbox 1400 4183 1549 4239; x_wconf 84' lang='lat' dir='ltr'>quae</span> <span class='ocrx_word' id='word_1_507' title='bbox 1586 4162 1753 4221; x_wconf 81' lang='lat' dir='ltr'>semel</span> <span class='ocrx_word' id='word_1_508' title='bbox 1797 4163 2013 4215; x_wconf 75' lang='lat' dir='ltr'>tantum</span> <span class='ocrx_word' id='word_1_509' title='bbox 2058 4158 2253 4209; x_wconf 79' lang='lat' dir='ltr'>auctor</span> <span class='ocrx_word' id='word_1_510' title='bbox 2284 4171 2391 4229; x_wconf 84' lang='lat' dir='ltr'>po-</span> 
     </span>
    </p>
   </div>
  </div>
 </body>
</html>
