2784 4567
755 167 850 229 ne
886 168 1136 265 «161..ιο
1177 170 1515 230 Herodotea
1554 144 1748 230 nun.
2296 162 2381 228 m

63 324 200 397 1‘v.
256 339 352 396 49.
393 332 624 398 δέκεται
658 333 738 399 Μ.
776 336 842 395 Ρ.
871 336 948 396 Κ.
973 334 1044 397 F.
1072 336 1254 398 Parin.
1299 340 1362 401 S.
1408 338 1477 397 V.
1564 334 1677 394 Alii
1718 333 2059 419 διαδέχεται.
2146 335 2244 397 lx.
2282 340 2387 397 116

66 414 603 500 προσδεκόμενος
643 420 706 483 S.
743 420 822 481 K.
855 420 926 486 F.
964 417 1151 488 Paris.
1241 424 1433 501 Vulgo
1474 413 1972 499 προσδεχόμενος.
2012 451 2097 467 -
2133 418 2222 480 De
2264 420 2387 478 sor·

65 525 199 563 ma
246 496 518 567 ἀπίκατο
564 504 695 563 vide
736 504 883 563 infra
921 528 986 585 p.
1027 511 1152 568 268.
1211 538 1298 551 -
1355 508 1447 567 De
1485 504 1623 569 ἔσκε
1667 504 1760 565 Vl.
1802 508 1872 563 36
1914 524 2021 582 pro
2070 522 2207 563 vero
2258 504 2389 584 ἔσχε

65 590 243 647 vide
293 588 579 665 Interppr.
631 589 705 646 ad
748 588 803 647 h.
846 588 888 649 l.
933 596 991 650 et
1031 590 1232 652 Herm.
1289 592 1363 648 de
1421 589 1641 651 emend.
1688 607 1747 666 p.
1788 592 1877 647 58.
1962 590 2173 665 Neque
2212 589 2385 647 etiam

65 674 219 731 huc
267 674 522 750 pertinet
567 676 764 750 μῆκος
815 676 968 749 quod
1011 675 1212 753 steph.
1261 680 1320 732 et
1359 693 1523 753 seqq.
1574 670 1677 731 IV.
1720 677 1820 733 151
1868 692 1975 750 pro
2020 691 2157 730 vero
2196 676 2393 750 μῆχος

71 757 226 835 (sic
271 756 409 815 Ald.
451 755 543 815 alii
581 773 706 815 cum
741 755 824 817 M.
853 758 920 819 P.
956 758 1023 815 V.
1053 759 1131 817 Κ.
1160 758 1232 823 F.
1265 758 1450 818 Paris.
1494 760 1714 837 σμῆχος
1741 754 1839 835 S.)
1879 754 2176 825 exhibent3
2217 772 2389 831 quum

67 843 152 899 in
207 839 455 899 formam
499 843 690 919 μῆχος
727 857 833 918 per
875 865 912 921 χ
951 843 1305 903 scribendam
1345 844 1423 901 11.
1454 848 1557 901 181
1602 858 1801 899 omnen
1846 840 2209 899 consentiunt
2240 837 2397 911 libri,

71 926 245 980 vide
294 922 546 983 Wessel.
600 932 660 983 et
699 924 896 986 Valck.
943 926 1014 982 ad
1058 926 1114 984 h.
1158 927 1196 990 1.
1263 960 1348 971 --
1410 926 1597 984 &iam
1636 926 1914 1003 παντακῆ
1954 924 2111 999 quod
2166 921 2239 981 Π.
2287 924 2395 981 124

77 1006 311 1067 Gaisf.
357 1007 435 1068 al.
487 1014 864 1083 receperunt,
923 1008 1071 1067 falsa
1131 1002 1356 1069 lonis'mi
1400 1012 1590 1087 specie
1631 1009 1863 1083 nititur,
1917 1026 2103 1083 neque
2150 1006 2285 1065 hinc
2330 1007 2391 1063 in

75 1092 300 1149 lexico
343 1106 554 1166 graeca
585 1090 784 1149 referri
819 1092 1085 1169 debebat,
1128 1112 1297 1172 quum
1341 1112 1459 1153 non
1496 1093 1679 1151 solum
1719 1092 1827 1151 hoc
1866 1092 1923 1149 in
1954 1089 2085 1148 loco
2112 1089 2283 1148 codd.
2312 1085 2389 1149 K.

75 1176 182 1232 V.
227 1174 309 1230 F.
351 1175 420 1231 S.
455 1192 649 1233 verum
690 1180 968 1255 πανταχῆ
1007 1196 1043 1234 a
1075 1178 1342 1236 Bekkero
1385 1177 1628 1252 aliisque
1665 1176 1869 1233 merito
1910 1174 2202 1252 receptum
2244 1192 2389 1249 sup-

81 1256 540 1336 peditaverunt,
586 1259 688 1317 sed
719 1261 889 1317 etiam
937 1260 994 1317 in
1042 1263 1164 1319 aliis
1207 1260 1465 1319 omnibus
1509 1259 1638 1317 huic
1681 1258 1955 1317 similibus
1997 1258 2233 1315 vocibus
2278 1258 2387 1313 im-

83 1346 401 1400 mutatum
441 1340 550 1400 hoc
592 1364 626 1420 χ
669 1343 928 1402 relictum
966 1344 1060 1402 sit.
1145 1344 1224 1403 Et
1281 1345 1467 1421 ipsum
1510 1346 1783 1421 πανταχῆ
1838 1342 2066 1421 quidem
2106 1341 2229 1399 sine
2274 1338 2387 1398 ull'a

89 1426 398 1503 varietate
441 1422 621 1483 habes
665 1424 764 1483 ΠΙ.
799 1430 886 1487 38.
942 1427 1012 1492 V.
1055 1436 1123 1489 52
1175 1434 1236 1487 et
1275 1432 1344 1487 78
1395 1434 1455 1486 et
1504 1427 1670 1486 Stob.
1714 1427 1823 1485 hoc
1858 1445 1928 1483 ex
1969 1426 2136 1498 loco,
2195 1424 2383 1487 Serm.

93 1515 180 1567 41
225 1528 290 1587 p.
337 1510 458 1567 242.
503 1541 577 1551 -
623 1514 923 1587 praeterea
964 1510 1087 1572 vu.
1139 1516 1265 1571 106.
1305 1511 1456 1570 VIII.
1500 1516 1621 1574 133.
1683 1504 2071 1589 πανταχόθεν
2116 1507 2249 1568 VII.
2293 1512 2385 1567 25.

93 1590 274 1655 VIII.
314 1598 404 1651 80.
448 1596 718 1671 πολλαχῆ
753 1595 799 1655 Ι.
841 1600 928 1655 42.
969 1595 1071 1655 VI.
1106 1601 1194 1657 21.
1243 1601 1361 1655 105.
1417 1594 1623 1675 ἔνιαχῆ
1662 1594 1709 1651 Ι.
1755 1597 1877 1654 199.
1919 1593 1999 1656 ΙΙ.
2044 1593 2133 1653 19.
2174 1612 2391 1651 πεντα-

98 1679 232 1756 χοῦ
275 1675 375 1733 Ill.
420 1680 524 1735 117
555 1676 678 1753 (ubi
721 1678 816 1735 alii
851 1680 1078 1755 quidam
1122 1678 1483 1757 πανταχοῦ).
1530 1710 1607 1721 --
1670 1676 1792 1734 Vll.
1828 1680 1899 1735 36
1941 1676 2145 1753 τριχοῦ
2182 1674 2391 1751 (τριχῆ

101 1760 232 1839 S.).
285 1753 646 1839 ὄλιγαχόθεν
684 1760 789 1819 ΙΙΙ.
832 1764 923 1821 96.

291 1844 409 1903 Sed
451 1846 702 1922 pertinet
741 1846 858 1903 'huc
899 1847 1082 1905 forma
1133 1837 1272 1907 οὐκὶ
1324 1862 1435 1921 pro
1476 1838 1616 1923 ου’χί
1654 1836 1880 1919 posita,
1944 1840 2115 1899 veluti
2182 1840 2229 1899 1.
2266 1842 2393 1899 133.

107 1932 243 1989 173.
285 1928 383 1987 IV.
428 1934 551 1987 155.
597 1928 716 1989 vn.
754 1934 845 1990 46.
890 1933 981 2003 49,
1028 1936 1079 1989 1.
1130 1932 1250 1990 157.
1333 1928 1522 1987 Etiam
1568 1927 1661 1984 ubi
1698 1926 1807 1983 ani
1848 1916 1989 2003 οὐχί
2028 1923 2178 1982 male
2224 1924 2391 1982 exhi.-

104 2013 399 2086 buerant,
451 2032 602 2071 nunc
645 2019 802 2071 recte
850 2005 992 2076 οὕκί
1033 2020 1121 2072 est
1163 2014 1514 2072 restitutum:
1576 2010 1646 2070 V.
1694 2014 1761 2069 13
1804 2002 1941 2071 οὐκὶ
1981 2002 2192 2087 πρόσω
2240 2026 2391 2066 nunc

105 2097 340 2171 vulgat.
395 2090 530 2176 ον’χὶ
565 2098 628 2155 S.
670 2096 738 2156 V.
797 2094 945 2177 οὕκη
991 2098 1179 2183 qaisf.
1221 2097 1295 2155 F.
1335 2116 1388 2155 a.
1471 2094 1601 2156 VII.
1646 2098 1757 2170 49,
1802 2100 1832 2153 1
1877 2086 2015 2155 οὐκὶ
2045 2090 2157 2154 ’ἕνα
2198 2086 2393 2155 αὐτόν’

105 2179 334 2325 vulgft‘
379 2173 512 2259 οὖχὶ
556 2182 624 2240 S.
667 2214 754 2227 --·
786 2181 832 2240 I.
875 2186 942 2243 91
972 2182 1102 2243 fine.
1151 2179 1276 2243 ,Καὶ
1321 2174 1399 2243 ου’
1440 2184 1557 2243 ‘toti‘
1592 2182 1751 2243 θεοῦ
1792 2176 2004 2256 vulgat.
2050 2167 2185 2257 mixi
2226 2177 2283 2242 b.
2326 2178 2389 2235 d·

108 2255 241 2328 ov'n
303 2263 531 2326 Schaef.

295 2344 601 2407 Praeterea
643 2337 814 2423 αὖτις
853 2348 994 2408 dixit
1035 2342 1232 2408 ndster
1274 2352 1605 2408 constanter
1648 2364 1755 2424 pro
1812 2337 2039 2416 αὖθιςς
2098 2347 2159 2400 et
2212 2341 2393 2401 haben

111 2422 300 2503 αὖτις
337 2433 630 2511 permultis
675 2434 731 2492 in
777 2430 920 2491 locis
958 2432 1088 2513 'sine
1138 2432 1249 2491 ulla
1298 2432 1576 2491 varietate
1616 2429 1903 2506 positum,
1966 2430 2029 2484 ut
2068 2424 2241 2482 etiam
2270 2425 2392 2497 'ibi‚

113 2516 223 2575 ubi
268 2515 394 2587 libri
437 2516 694 2591 variant,
751 2522 908 2575 recte
959 2534 1111 2574 nunc
1147 2520 1350 2573 nostro
1393 2533 1500 2572 sua
1538 2514 1723 2569 forma
1764 2515 1855 2567 est
1888 2509 2186 2566 restituta:
2230 2508 2279 2567 Ι.
2325 2511 2397 2563 54

119 2590 300 2671 αὖτις
338 2599 492 2675 vulg.
532 2588 714 2669 αὖθις
746 2599 817 2658 F.
860 2617 912 2660 a.
974 2630 1048 2641 -
1108 2602 1178 2657 56
1223 2588 1394 2669 αὖτις
1434 2596 1587 2670 vulg.
1624 2584 1808 2663 αὖθις
1848 2590 1922 2652 F.
2008 2589 2087 2647 ll·
2131 2594 2250 2647 122-
2290 2578 2397 2649 αὖ·

119 2708 216 2757 τις
253 2682 404 2757 vulg.
451 2671 640 2754 αὖθις
671 2684 740 2739 S.
777 2713 864 2725 —-
909 2686 980 2742 86
1023 2672 1196 2752 αὖτις
1238 2679 1391 2756 vulg.
1438 2668 1629 2749 αὖθις
1660 2678 1723 2734 S.
1808 2672 1905 2732 111.
1948 2680 1989 2733 2
2029 2658 2201 2744 αὖτις
2244 2670 2395 2749 vulg.

122 2788 258 2827 cum
293 2769 354 2825 S.
397 2764 470 2825 F.
511 2764 699 2825 Paris.
739 2753 927 2838 αὖθις
960 2764 1075 2829 alii.
1120 2796 1204 2809 -
1252 2762 1326 2824 V.
1366 2768 1439 2823 81
1477 2751 1649 2832 αὖτις
1690 2778 1839 2819 nunc
1880 2758 2035 2834 vulg.
2086 2758 2161 2815 cf.
2201 2757 2397 2817 Koen.

124 2853 203 2910 ad
235 2850 410 2926 Greg.
439 2850 574 2913 Cor.
614 2856 706 2911 64.
760 2884 833 2893 —
880 2851 1037 2909 Olim
1073 2849 1221 2927 vulg.
1265 2840 1468 2920 αὖθις.
1516 2878 1593 2889 -
1636 2844 1789 2908 Vm.
1830 2846 1923 2917 60,
1960 2849 1995 2901 2
2034 2830 2203 2913 αὖτις
2236 2841 2394 2917 vulg.

128 2926 316 3007 αὖθις
355 2934 418 2993 S.
499 2934 549 2999 1.
594 2940 664 2995 62
710 2940 985 3015 μεταῦτις
1025 2954 1178 3009 nunc
1218 2934 1369 3010 vulg.
1420 2922 1583 3011 (μετ’
1627 2918 1797 3001 αὖτις
1837 2925 1941 3004 F.)
1978 2929 2299 3013 ομεταῦθις
2342 2943 2398 2982 e.

127 3019 207 3082 ΙΙ.
249 3022 347 3079 149
389 3010 690 3099 αὖτιγενές
732 3018 924 3079 Bekk.
965 3008 1282 3101 αὐθιγενές
1321 3017 1511 3093 vulgo.
1593 3012 1690 3079 IV.
1733 3018 1822 3076 48.
1868 3001 2203 3091 αὖτιγενὲεέ
2243 3012 2397 3069 fiune

135 3102 341 3179 ”¹¹8⁸ss
380 3095 582 3184 αὖθιγε
621 3104 702 3183 Κ.
745 3102 812 3163 F.
858 3122 912 3166 a.
955 3096 1175 3185 αὕθηγ.
1218 3105 1284 3165 8.
1321 3134 1412 3145 -—
1470 3098 1563 3158 IV.
1603 3104 1709 3158 180
1748 3088 2063 3174 αὖθιγενέί·
2098 3098 2229 3175 θεῷ
2268 3092 2396 3150 vul-

136 3192 254 3261 gat.
311 3177 632 3267 αὐθιγενεῖ
665 3189 728 3246 8.
785 3181 1112 3273 αὐθιγενές]
1148 3188 1222 3252 F.
1287 3176 1594 3267 αὖτιγενέϊ
1632 3180 1861 3242 Schaef.
1900 3178 2087 3243 Bekk.
2148 3196 2258 3227 ·-·-·
2298 3174 2393 3237 De

128 3266 448 3349 Ἐπιάλτης
487 3273 620 3331 vide
661 3270 785 3334 VII.
829 3278 936 3333 213
976 3290 1107 3351 sqq.
1299 3299 1306 3305 ·
1896 3266 1901 3273 ³

300 3354 590 3415 Interdum‘
650 3356 707 3413 in
772 3354 885 3414 una
942 3355 1256 3432 eademque
1307 3370 1447 3411 voce
1499 3340 1952 3425 transponuntur
1992 3342 2299 3422 Aspimtae
2335 3348 2400 3402 et

141 3440 400 3512 TenueS,
435 3441 518 3498 sic
563 3439 867 3502 ἐνθεῦτενΙ
893 3445 1226 3499 constanter
1267 3436 1421 3515 apud
1459 3440 1717 3493 nostrum
1759 3434 1851 3489 ent
1890 3428 2250 3488 scribendum
2290 3446 2399 3506 pro

144 3523 353 3600 vulgari
392 3522 716 3587 ἔντεῦθενε
778 3523 827 3586 1.
872 3531 907 3584 2
946 3522 1232 3586 ἐνθεῦτεν
1273 3520 1490 3597 vulgat.
1552 3516 1837 3581 ἐντεῦθεν
1878 3512 1946 3576 S.
1990 3512 2060 3571 P.
2126 3512 2402 3575 ἐντεῦτεν

143 3608 214 3671 F.
257 3628 340 3685 pr.
377 3627 452 3666 m.
515 3606 579 3667 Ἰ.
619 3612 686 3667 75
728 3607 1012 3672 ἐνθεῦτεν
1053 3606 1201 3683 vulg.
1246 3605 1529 3672 ἐντεῦθεν
1568 3603 1653 3673 Sa
1694 3598 1800 3657 Sed
1842 3597 1969 3655 ³¹35ss
2006 3596 2303 3675 Permultis
2342 3596 2411 3653 3¹²⁶

147 3692 280 3752 locis
331 3692 456 3753 sine
513 3693 626 3751 ulla
683 3697 919 3752 enotata
964 3693 1244 3765 varietate
1292 3692 1447 3747 recte
1487 3685 1775 3748 ἐνθεῦτεν
1814 3680 2045 3757 legitur.
2132 3680 2404 3740 Similiter

150 3774 406 3838 ἐνθαῦτα
455 3776 501 3835 Ι.
547 3781 634 3837 61.
673 3780 764 3834 62.
808 3780 897 3834 63.
951 3776 1023 3833 Π.
1059 3780 1133 3835 68
1181 3781 1241 3834 et
1287 3770 1651 3848 Greg.·Cor.
1696 3766 1756 3825 d.
1796 3765 1855 3824 d.
1911 3765 2040 3828 Ion.
2092 3762 2128 3847 ξ
2172 3770 2243 3825 56
2295 3762 2408 3818 hoc

150 3878 218 3919 ex
255 3860 412 3936 loco,
458 3866 534 3919 -et
591 3861 676 3919 sic
721 3858 1017 3939 permulti:
1059 3856 1209 3919 aliis·
1235 3859 1293 3934 in
1347 3856 1492 3914 locis
1534 3854 1657 3914 sine
1698 3849 1967 3908 librorum
2012 3846 2407 3924 fluctuatione.

148 3942 325 4002 Etiam
381 3943 429 4004 I.
471 3947 543 4003 48
584 3945 858 4007 ἐνθαῦτα
913 3948 1071 4006 recte
1114 3946 1206 3999 est
1251 3941 1468 4015 vulgat.
1493 3977 1515 4013 ‚
1574 3936 1672 3995 ubi
1712 3932 1984 3997 ἐνταῦθα
2026 3931 2159 3989 cod·
2202 3950 2258 3990 e.
2320 3954 2407 3969 -·-

151 4032 217 4088 76
255 4026 522 4091 ἐνθαῦτα
563 4028 649 4087 bis
691 4026 883 4107 vulgo.
941 4025 1210 4091 ἐνταῦθα
1251 4024 1313 4085 8.
1371 4054 1460 4066 -
1512 4024 1583 4082 79
1625 4018 1893 4083 ἐνθαῦτα
1934 4013 2089 4097 vulg.
2132 4010 2408 4098 ἕνζαῧθᾱ

149 4114 213 4173 8.
257 4142 340 4155 -
386 4116 508 4172 190.
555 4114 824 4178 ἐνθαῦτα
865 4103 1020 4189 vulg.
1064 4108 1318 4173 ἐνταῦτα
1355 4109 1423 4169 8.
2041 4171 2054 4185 ‚

303 4194 378 4253 Et
424 4192 660 4273 κυθαὶν,
701 4198 974 4271 κιθῶνος
1010 4195 1406 4255 Herodotenm
1461 4176 1585 4247 sine
1624 4181 1903 4241 varietate
1946 4174 2154 4247 leffltu‘
2200 4171 2251 4229 Ῑ·
2284 4176 2413 4231 155·
