2784 4567
771 162 861 224 De
904 164 1153 225 dialecto
1194 164 1536 225 Herodotea
1571 166 1667 229 lib.
1715 167 1812 226 lv.
2281 160 2405 227 377

104 334 388 387 tractam
422 326 797 389 exhibuerunt
840 331 1077 389 sormam
1095 372 1114 407 ,
1158 352 1273 391 non
1316 332 1732 407 Hei-odaeum,
1772 341 1930 394 recte
1972 352 2119 391 nunc
2159 333 2408 411 plerum-

110 434 247 489 que
294 413 577 471 diaeresis
620 421 709 473 est
744 416 1029 492 praelata:
1088 418 1289 475 1.196
1332 415 1523 479 ἕκέετο
1567 412 1756 496 νόμος
1791 418 1944 492 vulg.
1983 437 2132 475 nunc
2173 436 2298 475 cum
2333 416 2405 475 F.

110 497 247 554 Alii
302 498 451 555 male
496 496 700 559 ἔκειτο.
788 498 933 562 lbid.
970 501 1319 581 προσεκέετο
1362 520 1515 559 nunc
1556 502 1712 575 vulg.
1757 521 1882 561 cum
1923 500 1992 559 F.
2064 501 2172 559 Alii
2221 519 2408 581 προσ·

114 580 359 643 ἔκειτο.
433 612 519 625 -—-
588 588 691 641 216
730 581 1047 661 προκέεται
1089 606 1237 645 nnnc
1280 585 1434 661 vulg.
1481 604 1606 643 cum
1645 584 1716 643 F.
1781 584 1895 643 Alii
1936 579 2272 661 πρόκειται.
2330 616 2404 651 ὲ

114 673 199 724 51
252 663 459 728 ἔκέετο
502 666 653 742 vulg·
721 666 905 729 ἔκειτο
956 671 1027 732 F.
1112 670 1299 729 11.34
1350 662 1530 746 α’ντίη
1575 667 1762 732 κέεται
1805 689 1956 727 nunc
1999 668 2152 743 vulg.
2219 674 2410 729 κεῖται

114 752 195 808 S.
284 782 373 793 —
448 756 549 809 155
604 750 895 813 ἐπικέεται
948 754 1103 829 vulg.
1152 774 1279 811 cum
1320 754 1395 813 R.
1439 752 1508 856 F.
1555 752 1736 813 Paris.
1799 752 1911 810 Alii
1958 751 2260 815 &nissimi
2327 782 2408 797 -·-

119 838 245 893 149
293 831 497 896 κέεται
534 834 690 911 vulg.
748 842 939 897 κεῖται
976 838 1348 901 8.111.31
1384 834 1583 899 πάντα
1623 830 1939 899 ἀνακέεται
1977 837 2178 915 steph.
2225 836 2410 894 Bekk.

118 918 207 975 al.
259 936 391 975 cum
436 919 515 977 M.
560 919 629 981 F.
672 939 727 978 a.
775 914 1128 997 (ἀνακέαται
1159 922 1289 981 Ald.
1324 921 1454 979 Gsf.
1493 921 1548 987 b.
1591 941 1642 986 c.
1685 922 1777 998 d.)
1820 912 2227 985 ανοὶκειται8.
2309 920 2406 977 IV.

120 1007 209 1061 62
256 999 457 1064 κέεται
493 1004 641 1079 vulg.
685 1024 809 1063 cum
852 1005 923 1063 F.
962 1006 1041 1064 K.
1083 1005 1151 1067 Α.
1194 1006 1262 1063 Β.
1300 1004 1534 1083 (κέαται
1570 1006 1647 1065 Μ.
1674 1006 1771 1083 Ρ.)
1813 1012 1996 1067 κεῖται
2031 1007 2093 1064 8.
2125 1006 2196 1067 V.
2283 1004 2408 1077 Vll.

124 1094 211 1145 11
264 1086 587 1163 προκέεται
636 1108 791 1147 nunc
836 1092 989 1164 vulg.
1052 1082 1367 1168 πρόκειται
1411 1091 1473 1151 8.
1536 1084 1884 1169 πρόσκειται
1938 1091 2006 1151 Ρ.
2051 1090 2119 1147 V.
2190 1121 2278 1133 --
2339 1094 2412 1149 34

126 1170 507 1248 προσεκέετο
550 1191 700 1231 nunc
744 1192 873 1233 cum
910 1175 981 1232 V.
1046 1172 1158 1233 Alii
1204 1194 1331 1233 cum
1368 1174 1433 1237 S.
1462 1172 1531 1231 F·
1573 1176 1946 1249 προσέκειτο.
1987 1204 2074 1219 ·-
2111 1178 2182 1233 36
2223 1190 2410 1251 προσ·

130 1257 343 1317 εκὲετο
378 1256 715 1403 1ιζιιΙςιειιῐιι
754 1258 823 1317 S.
866 1259 938 1316 V.
1002 1256 1117 1317 Alii
1156 1260 1528 1340 προσέκειτο.
1615 1259 1912 1319 V111.135
1953 1256 2146 1321 κέεται
2193 1258 2408 1335 vulgat.

124 1347 340 1403 κεῖται

284 1424 511 1493 -Quum
562 1425 735 1501 igitur
774 1427 1135 1506 perspicuum
1186 1428 1295 1502 sit,
1362 1431 1522 1485 recte
1579 1427 1706 1485 istis
1748 1427 1890 1484 locis
1934 1446 2087 1485 nunc
2128 1427 2407 1502 quosdam

130 1508 403 1567 editores
450 1508 659 1567 formas
689 1530 805 1569 non
840 1517 1164 1592 contractas
1204 1511 1448 1587 elegisse
1467 1550 1486 1587 ,
1525 1530 1698 1569 nemo
1737 1510 1936 1587 facile,
1995 1530 2186 1587 quum·
2211 1515 2410 1569 noster

126 1594 249 1651 hac
293 1592 355 1651 in
391 1612 457 1653 re
508 1595 761 1653 variasse
798 1614 915 1653 non
954 1596 1031 1653 sit
1072 1597 1391 1656 censendus
1410 1634 1430 1668 ,
1493 1595 1660 1653 nobis
1711 1594 2045 1668 interdicet‚
2109 1594 2410 1668 quominus

130 1676 269 1734 aliis
314 1678 621 1735 contractis
670 1678 901 1753 formis,
962 1680 1221 1755 quamvis
1276 1679 1466 1735 invitis
1507 1678 1696 1752 libris,
1759 1678 2000 1735 eandem
2039 1675 2410 1737 adhibeamus

130 1761 524 1836 medicinam,
564 1780 779 1837 easque
812 1763 1007 1821 statim
1051 1762 1448 1821 dissolvamus.
1535 1762 1686 1819 Nam
1723 1765 1912 1823 κεῖται
1953 1766 2185 1837 praeter
2228 1763 2409 1819 nostri

134 1864 361 1903 morem
420 1848 691 1924 scriptum
742 1852 925 1905 exstat
986 1846 1033 1903 1.
1078 1850 1131 1904 9.
1179 1852 1261 1906 14.
1308 1853 1398 1905 50.
1441 1852 1532 1904 51.
1602 1845 1674 1903 ΙΙ.
1723 1850 1840 1903 123.
1907 1844 2007 1903 lV.
2054 1849 2138 1902 18.
2183 1850 2274 1909 22.
2319 1848 2411 1905 99.

134 1929 269 1987 Vn.
309 1933 431 1993 198.
475 1938 597 1991 200.
643 1936 765 1989 216.
829 1930 985 1989 VIII.
1028 1936 1119 2003 60,
1166 1937 1219 1989 2.
1310 1928 1496 1991 ἔκειτο
1547 1929 1594 1988 Ι.
1642 1933 1746 1987 119
1773 1930 1882 1986 bis.
1927 1933 2046 1989 123.
2112 1927 2237 1991 Vll.
2287 1935 2408 1989 158.

138 2018 269 2073 176.
304 2019 427 2077 208.
494 2014 647 2073 Vlll.
693 2020 784 2076 41.
831 2020 919 2077 76.
962 2019 1049 2075 93.
1103 2015 1204 2073 ΙΧ.
1241 2019 1331 2074 40.
1366 2022 1436 2073 52
1481 2014 1588 2074 bis.
1638 2016 1726 2073 57.
1770 2018 1859 2074 60.
1902 2017 1988 2072 73.
2029 2019 2153 2071 101.
2241 2014 2409 2083 Quae

140 2098 339 2157 omnia
390 2099 449 2157 in
490 2098 831 2158 Herodotea
870 2096 1065 2161 κέεται
1107 2105 1165 2159 et
1206 2096 1400 2161 ἔκέετο
1443 2099 1648 2157 mutari
1703 2098 1888 2172 velim.
1961 2097 2100 2165 ‘Sed
2139 2116 2411 2173 perverse

141 2182 301 2257 apud
358 2189 613 2243 nostrum
672 2184 901 2259 quidem
958 2184 1103 2242 hanc
1156 2184 1440 2243 diaeresin
1501 2183 1672 2241 etiam
1725 2183 1787 2239 in
1837 2182 2172 2241 infinitivum
2230 2184 2410 2243 inter-

141 2266 283 2323 dum
324 2266 627 2345 irrepsisse
664 2269 893 2344 judic03
956 2288 1293 2345 quamquam
1346 2268 1496 2327 enim
1537 2268 1632 2325 alii
1673 2266 1848 2325 Iones
1901 2265 2146 2328 κέεσθαι
2201 2268 2411 2325 dixisse

140 2350 685 2427 deprehenduntur,
742 2352 837 2426 qui
880 2353 1109 2426 quidem
1153 2358 1213 2409 et
1252 2350 1504 2428 κέομαι,
1554 2351 1796 2411 κέονται
1836 2350 2060 2425 aliaque
2103 2350 2164 2405 id
2204 2369 2410 2424 genus,

142 2454 265 2491 non
318 2432 691 2505 Herodotea,
744 2440 1095 2509 usurparunt
1154 2432 1421 2509 (κέονται
1461 2433 1802 2509 Hippocrat.
1861 2429 2210 2510 ξυγκέονται
2251 2431 2414 2491 Aret.

148 2518 225 2575 cf.
270 2514 451 2577 Maitt.
496 2514 739 2591 (Sturz.)
780 2535 837 2593 p.
882 2517 1011 2595 154)
1066 2524 1257 2575 tamen
1302 2517 1459 2593 apud
1499 2516 1892 2586 Herodotum,
1953 2523 2014 2571 ut
2059 2516 2214 2591 apud
2267 2515 2412 2573 alios

150 2605 381 2676 κεῖμαι,
424 2602 733 2676 κείμενος,
782 2606 1057 2675 κεῖσθαι,
1114 2602 1343 2663 κείσθω
1386 2620 1494 2677 pro
1541 2598 1800 2677 perfecto
1845 2599 2088 2674 quodam
2124 2599 2180 2654 in
2228 2620 2416 2677 ειμαι,1

151 2690 355 2745 εἷσθαι
405 2685 709 2743 terminato
760 2686 1091 2762 accipienda
1149 2704 1277 2744 esse
1332 2685 1634 2761 videntur,
1693 2683 1850 2758 cujus
1907 2683 2296 2758 conjunctivus
2351 2688 2414 2740 et

148 2769 461 2849 optativus,
506 2774 569 2827 ut
586 2770 739 2846 apud
758 2768 1041 2829 Herodot.
1063 2768 1267 2827 tertiae
1288 2768 1418 2828 illae
1439 2785 1736 2845 personae,
1745 2766 2086 2841 singulares,
2126 2786 2196 2825 ex
2216 2785 2414 2826 recor·

152 2854 399 2912 datione
426 2852 645 2911 formae
678 2852 820 2927 κέω,
862 2852 1077 2933 κὲομαι
1113 2859 1416 2912 >servarunt
1458 2853 1626 2910 istam
1662 2850 1966 2907 diaeresin.
2051 2850 2126 2907 Et
2148 2855 2415 2911 constant
2533 2878 2538 2885 ·

152 2937 263 2995 sibi
306 2937 521 2997 Herod.
571 2939 911 3015 exemplaria
950 2943 1009 2997 in
1049 2957 1187 2995 vera
1227 2938 1512 3015 scriptura
1546 2935 1863 2995 exhibenda
1888 2940 2131 2997 κεῖσθαι
2170 2936 2240 2995 11.
2290 2938 2413 2996 127.

158 3020 257 3079 IV.
296 3028 384 3082 22.
447 3022 607 3081 VIII.
650 3026 737 3082 37.
803 3020 903 3080 VI.
948 3026 1035 3081 57.
1098 3021 1199 3079 lx.
1257 3028 1377 3081 105.
1465 3021 1584 3079 Sed
1633 3021 1710 3079 11.
1748 3026 1802 3099 *2
1865 3020 1997 3081 cod.
2057 3020 2122 3077 S.
2179 3021 2414 3097 quidem

158 3111 397 3168 κεῖσθαι
444 3113 599 3165 recte
632 3105 917 3181 exhibuit,
961 3107 1225 3183 vulgatur
1266 3112 1454 3166 autem
1498 3105 1646 3163 male
1690 3100 1959 3167 κέεσθαι.
2045 3104 2140 3167 IV.
2190 3113 2254 3165 ll
2297 3110 2414 3167 κεῖ-

164 3196 307 3254 com
346 3192 517 3249 codd.
561 3190 627 3251 P.
675 3190 737 3245 V.
786 3191 849 3250 S.
895 3147 973 3251 K.
1049 3191 1155 3249 Alii
1200 3209 1327 3247 cum
1373 3191 1446 3247 F.
1488 3187 1763 3255 κέεσθαι.
1851 3188 1954 3247 111.
2009 3192 2082 3245 34
2133 3194 2414 3267 προσκεῖ-

166 3282 307 3337 σθαι
349 3278 411 3334 8.
478 3273 888 3351 προσκὲεσθαι
933 3272 1460 3349 vu1g0.1v.195
1511 3277 1754 3332 κεῖσθαι
1796 3271 1860 3327 8.
1925 3268 2175 3331 κέεσθαι
2220 3270 2412 3345 vulgo.

170 3360 250 3417 Ac
288 3364 510 3417 constat
553 3358 687 3417 mihi
730 3358 1084 3417 Herodotum
1129 3358 1319 3434 ipsum
1359 3355 1434 3414 ΙΙ.
1482 3358 1582 3413 127
1626 3373 1734 3432 pro
1776 3352 2009 3429 vulgato
2053 3350 2296 3413 κέεσθαι
2354 3357 2416 3409 et

164 3443 265 3502 111.
305 3450 373 3503 22
415 3462 523 3529 pro
566 3441 799 3517 vulgato
840 3438 1207 3520 προκέεσθαι
1229 3484 1247 3515 ,
1300 3446 1542 3502 κεῖσθαι
1578 3445 1636 3496 et
1678 3443 2044 3517 προκεισθαι
2081 3438 2412 3513 scripsisse,

165 3526 433 3603 simulque
469 3522 711 3604 apparet
747 3544 919 3602 quam
954 3526 1140 3583 aliena
1174 3525 1250 3585 sit
1288 3522 1362 3581 ab
1392 3524 1719 3581 Herodotea
1762 3523 2018 3581 oratione
2062 3520 2246 3581 forma
2285 3544 2416 3585 κεο-

166 3609 338 3689 μένη,
394 3630 561 3687 quam
605 3609 947 3669 Schaeferus
992 3615 1189 3667 nostro
1232 3628 1341 3687 pro
1384 3609 1616 3683 vulgato
1659 3605 1904 3686 κειμένη
1954 3604 2070 3684 (vel
2110 3606 2414 3687 κειμένην)

168 3696 213 3753 Ι.
256 3700 317 3755 76
358 3696 618 3753 obtrusit.
693 3689 1040 3773 κρὸσκειμαι
1081 3701 1279 3753 noster
1320 3694 1462 3751 dixit
1503 3692 1604 3751 IV.
1637 3699 1725 3755 11.
1795 3693 2024 3754 κείσθω
2058 3693 2137 3751 11.
2177 3698 2275 3753 171
2303 3693 2412 3751 bis.

294 3780 571 3846 .Restant
616 3785 803 3837 autem
848 3779 989 3852 alia,
1048 3778 1159 3836 hoc
1210 3780 1337 3837 loco
1387 3776 1841 3839 commodissime
1899 3776 2414 3848 commemoranda,

171 3882 306 3941 quae
360 3882 698 3940 quamquam
753 3863 1045 3941 pertinent
1102 3864 1177 3919 ad
1236 3862 1383 3920 hanc
1436 3862 1738 3919 verborum
1792 3880 2058 3939 purorum
2101 3858 2414 3935 syzygiam,

171 3958 345 4009 tamen
388 3949 557 4007 etiam
593 3948 747 4024 apud
790 3953 1051 4005 nostrum
1092 3964 1209 4003 non
1242 3944 1456 4002 faciant
1490 3946 1768 4003 vocalium
1805 3943 2112 4003 diaeresin.
2197 3941 2411 4017 Hujus-

172 4034 309 4091 modi
374 4038 465 4091 est
522 4031 709 4091 forma
751 4030 990 4110 ἐθηεῖτο
1046 4027 1153 4105 (cf.
1195 4048 1369 4106 snpra
1412 4050 1470 4108 p.
1514 4031 1612 4108 46)
1665 4048 1781 4104 qua
1837 4026 2224 4085 contractione
2262 4024 2416 4083 haud

170 4118 324 4177 dubie
350 4117 567 4175 aurium
602 4115 839 4174 arbitrio
877 4114 1231 4173 satisfactum
1266 4120 1376 4171 est.
1418 4112 1573 4171 Tum
1599 4114 1710 4173 huc
1735 4115 2004 4189 spectant
2041 4108 2234 4166 futura
2268 4127 2416 4183 quae

168 4203 409 4261 dicuntur
460 4200 647 4260 Attica
699 4200 1001 4259 verborum
1059 4200 1117 4255 in
1172 4198 1277 4273 ι’ζω
1328 4198 1680 4270 exeuntium,
1737 4212 1884 4270 quae
1939 4194 2067 4272 plus
2111 4212 2144 4261 e
2193 4192 2416 4253 duabus
