2784 4567
760 167 854 229 De
890 167 1139 230 dialecto
1170 169 1506 232 Herodotea
1545 167 1642 231 lib.
1683 167 1810 248 m„
2231 162 2362 234 253

732 430 946 494 Tertia
986 433 1311 504 declinatio
1350 431 1718 498 Herodotea.

266 585 441 654 Quod
486 585 683 644 vitium
714 587 771 643 in
808 587 993 664 prima
1032 587 1414 647 declinatione
1467 589 1542 646 de
1584 591 1767 646 forma
1816 585 2104 650 εἱλωτέων
2139 587 2214 646 ad
2245 595 2368 646 ter-⁴

58 671 237 728 tiam
280 669 715 728 decimationem
758 671 906 729 falso
948 671 1169 746 relata,
1210 678 1271 730 et
1306 672 1363 728 in
1405 675 1658 732 secunda
1697 675 1772 730 de
1816 673 2110 732 mendosis
2145 673 2368 745 formis,

64 753 271 812 nimio
336 755 563 812 ionismi
618 754 809 812 studio
866 756 1046 828 ortis,
1101 755 1379 832 πυρέων,
1443 756 1798 819 Θεσοαλέων
1852 764 1958 816 etc.
2019 756 2368 829 notavimus,

64 840 227 896 huic
270 839 454 896 simile
496 839 552 895 iu
596 839 881 896 nonnullis
932 839 1137 900 tertiae
1182 858 1410 918 quoque
1457 840 1856 900 declinationis
1899 841 2222 899 nominibus
2268 859 2372 898 co-

70 924 257 980 dices
310 923 708 1000 editionesque
766 924 1045 999 quaedam
1104 932 1510 1001 conceperunt.
1599 926 1791 992 Quum
1843 927 1994 984 enim
2037 923 2372 983 Herodotus

68 1009 151 1064 iis
204 1008 273 1065 in
313 1007 635 1064 nominibus
676 1008 1011 1078 flectendis,
1067 1027 1215 1084 quae
1262 1028 1376 1066 non
1422 1010 1495 1066 ad
1537 1009 1830 1086 vulgarem
1873 1013 2222 1068 contractam
2265 1009 2370 1065 de-

70 1091 465 1150 clinationem
506 1091 835 1168 pertinent,
888 1090 1026 1149 nihii
1082 1113 1119 1150 a
1166 1093 1384 1167 vulgari
1427 1093 1958 1170 simplicissimaque
1997 1094 2220 1151 ratione
2265 1092 2370 1150 de-

71 1176 290 1249 cedat,
334 1175 657 1251 nullamque
689 1175 816 1232 sine
852 1195 1027 1234 causa
1061 1178 1276 1234 inserat
1310 1178 1800 1236 terminationibus
1834 1177 2099 1250 litteram,
2135 1175 2370 1234 nuliam·

72 1279 204 1337 que
254 1259 421 1318 aliam
462 1261 651 1338 poetis
692 1260 874 1335 magis
916 1260 1154 1336 aliisque
1194 1261 1565 1338 scriptoribus
1597 1263 1886 1339 propriam
1920 1279 2038 1319 rem
2083 1260 2368 1334 admittat,

75 1351 297 1402 tamen
359 1345 589 1403 codices
647 1343 901 1402 nonnulii
960 1364 1095 1402 msS.
1159 1351 1219 1402 et
1275 1346 1557 1404 editiones
1613 1355 1816 1404 nostro
1873 1347 2084 1403 formas
2127 1344 2200 1402 ab
2243 1344 2370 1420 ejus

76 1428 333 1486 dicendi
367 1447 577 1502 genere
607 1427 1115 1504 prorsus.alienas‚
1155 1435 1217 1486 ut
1257 1425 1645 1504 ἆλωπεκέων,
1685 1429 2057 1510 μυριαδέων,
2091 1421 2370 1507 α’νδρέων

80 1511 241 1569 alias
286 1512 597 1569 obtrudere
641 1513 1009 1586 studuerunt,
1071 1515 1239 1571 etiam
1279 1515 1334 1570 in
1383 1515 1764 1589 grammaticis
1817 1513 2126 1590 quibudam
2183 1513 2370 1584 libris,

78 1615 119 1654 a
169 1595 593 1654 recentioribus
634 1596 822 1653 doctis
876 1596 1015 1654 viris
1060 1598 1424 1673 compositis,
1477 1605 1538 1656 ut
1580 1599 1860 1672 genuinas
1907 1599 1966 1654 in
2009 1595 2194 1654 nostri
2237 1591 2371 1651 ora‘·

27 1687 31 1694 ’
80 1681 265 1738 tione
309 1681 655 1753 affirmatas,
716 1680 849 1756 quia
892 1685 1135 1759 χηνῶν,
1193 1672 1436 1758 ἆνὸρόῖν
1488 1681 1660 1755 vulgo
1702 1680 2102 1756 pet-ispomena
2142 1676 2373 1755 proser-

80 1769 336 1840 rentur,
378 1765 697 1840 eodemque
736 1763 911 1820 modo
956 1763 1183 1820 Atticos
1214 1766 1531 1841 χιλιαδῶν,
1577 1764 1896 1840 μυριαῦοὸν
1936 1763 2240 1838 scripsisse
2267 1777 2374 1817 ve-

84 1853 257 1907 teres
303 1848 654 1924 grammatici
712 1847 1092 1905 tradidissent
1148 1845 1248 1924 (cf.
1298 1846 1448 1909 Lob,
1490 1848 1564 1904 ad
1603 1847 1816 1905 Buttm.
1857 1845 1946 1918 Π,
1985 1865 2047 1923 p.
2089 1848 2196 1904 337
2227 1841 2374 1922 sq.)-

86 1934 269 2002 Quae
314 1951 483 1990 causa
528 1934 576 1989 si
610 1933 692 1990 ‘ad
739 1931 883 1990 hanc
939 1932 1091 2010 apud
1138 1936 1395 1990 nostrum
1441 1931 1586 1990 male
1628 1931 1896 1990 insertam
1940 1927 1973 1993 ἐ’
2017 1929 2226 2006 aliquid
2273 1945 2373 1984 van·

84 2017 245 2074 leret
288 2018 753 2090 confirmandam,
794 2016 871 2072 ad
908 2016 1021 2074 alia
1064 2018 1233 2074 etiam
1276 2007 1565 2094 exempla.
1626 2034 1661 2074 a
1719 2015 1874 2073 nulio
1907 2031 2168 2092 umquam
2213 2011 2374 2069 solii-

88 2101 299 2175 citata,
339 2099 491 2158 illam
530 2101 845 2160 transferre
885 2119 1206 2179 possemus.
1290 2098 1598 2159 Profer-unt
1639 2099 1868 2178 quidem
1907 2097 2258 2176 grammatici
2301 2113 2374 2154 ex

89 2185 511 2263 Hippocratis,
567 2184 803 2244 Aretaei
857 2185 1211 2261 aliorumque
1270 2183 1430 2250 libris
1493 2183 1804 2244 simillimas
1858 2185 2069 2242 formas
2119 2181 2372 2261 μενέων,

88 2271 348 2349 χειρέων
397 2269 539 2327 alias
602 2266 706 2346 (οἶ.
747 2266 901 2330 Lob.
960 2270 997 2328 Ι.
1043 2270 1081 2328 Ι.
1149 2269 1355 2328 matth.
1401 2288 1487 2345 gr.
1532 2287 1622 2346 gr.
1678 2270 1738 2346 1,
1793 2287 1853 2345 p.
1899 2269 2031 2342 211)
2085 2284 2267 2345 quae,
2321 2264 2373 2322 si

88 2353 212 2410 sint
260 2355 416 2430 apud
455 2353 561 2410 hos
606 2354 917 2428 scriptores
960 2352 1273 2428 genuinae,
1332 2371 1514 2428 aeque
1557 2353 1693 2409 nihil
1737 2351 1812 2408 ad
1853 2351 2102 2428 singulas
2145 2343 2272 2408 ilias
2307 2349 2375 2406 in

88 2436 507 2496 Herodoteam
542 2436 853 2492 orationem
896 2435 1043 2492 salso
1080 2434 1264 2491 illatas
1294 2435 1508 2490 formas
1537 2435 1957 2491 confirmandas
1985 2433 2172 2491 valere
2199 2447 2376 2508 posse

92 2521 239 2578 mihi
284 2520 580 2588 videntur3
622 2517 959 2596 praesertim
1002 2535 1175 2592 quum
1218 2519 1419 2574 eadem
1461 2513 1920 2590 nominasmuitis
1963 2516 2089 2574 aliis
2129 2515 2187 2571 in
2233 2512 2378 2578 loeis

90 2608 152 2663 in
206 2603 421 2660 eodem
465 2621 603 2660 casu
646 2601 959 2658 rectissime
998 2600 1213 2677 scripta
1260 2605 1576 2658 recurrant.
1661 2599 1740 2657 Et
1778 2593 2108 2659 ἀλωπέκων
2147 2595 2378 2673 quidem

96 2691 237 2748 sine
274 2687 549 2744 varietate
574 2703 781 2742 omnes
824 2683 1101 2762 praebent
1144 2683 1213 2745 ΙΙ.
1247 2687 1337 2742 67.
1401 2682 1521 2739 ·111.
1567 2689 1668 2741 102
1707 2675 2033 2744 ἀλωπέκων
2074 2680 2260 2739 Bekk.
2305 2676 2378 2736 al.

98 2778 309 2842 recte,
366 2762 731 2831 ἆλωπέκεων
774 2769 854 2826 Μ.
896 2767 966 2826 Ρ.
991 2767 1087 2841 K.
1156 2765 1524 2828 ἄλωπεκέων
1577 2767 1758 2826 Gaisf.
1815 2765 1889 2824 ai.
1934 2783 2058 2824 cum
2099 2765 2170 2824 F.
2209 2761 2378 2822 male.

98 2856 183 2914 ΙΙ.
229 2861 303 2914 45
344 2858 547 2934 χηνῶν
590 2853 775 2912 Bekk.
819 2852 912 2910 alii
950 2869 1075 2909 cum
1111 2851 1181 2912 F.
1226 2853 1314 2926 S.‚
1358 2852 1458 2909 ubi
1507 2852 1694 2910 Gaisf.
1729 2850 1878 2910 maie
1920 2849 2170 2931 χηνέων.
2255 2845 2377 2906 Sed

103 2937 187 2997 Π.
230 2945 303 3000 37
344 2940 407 2996 in
447 2939 691 3014 vulgatis
739 2937 929 2995 verbis
972 2935 1075 2997 καὶ
1116 2935 1354 3016 χηνέων
1404 2934 1507 2997 καὶ
1554 2936 1751 3018 βοέων
1793 2940 1987 3016 κρεῶν
2037 2929 2279 3010 πλῆθός
2321 2953 2378 2995 τε

108 3019 344 3106 ἑκάστῳ
374 3025 603 3103 γίνεται
645 3018 899 3095 πολλόν,
942 3027 1077 3078 sunt
1108 3020 1341 3100 χηνέων
1384 3028 1449 3080 et
1495 3020 1690 3102 βοέων
1732 3022 2036 3099 adjectiva,
2081 3025 2144 3078 ut
2185 3017 2264 3077 11.
2307 3021 2380 3078 68

112 3097 222 3190 ᾤοῖ
244 3109 475 3188 χηνέων
519 3099 597 3170 ου’
634 3109 841 3189 πολλῷ
882 3103 1106 3184 μέζονα
1128 3149 1145 3179 ,
1204 3125 1391 3196 neque
1433 3124 1562 3163 cum
1607 3105 1925 3182 Schweigh.
1977 3104 2114 3182 (lex.
2156 3103 2378 3164 Herod.

110 3209 163 3250 s·
206 3211 263 3249 v-
298 3187 441 3271 τήν)
474 3193 585 3269 p'ro
626 3191 893 3267 genitivis
932 3190 1224 3247 nominum
1263 3183 1744 3248 substantivorum
1785 3189 2066 3263 habenda.
2107 3217 2195 3230 —-
2254 3185 2380 3248 VH.

118 3280 219 3334 187
260 3295 411 3334 nunc
451 3281 611 3334 recte
650 3274 917 3350 vulgatur
960 3266 1211 3354 ἀνδρῶν
1254 3293 1379 3331 cum
1429 3273 1598 3331 codd.
1640 3275 1705 3331 S.
1753 3272 1822 3335 V.
1863 3271 1934 3334 F.
1977 3271 2054 3327 K.
2099 3270 2202 3326 sed
2247 3267 2382 3326 olim

117 3359 267 3419 male
290 3351 595 3440 ἆνδρέωνς
636 3357 901 3416 omnibns
932 3357 1059 3414 aliis
1094 3364 1285 3415 autem
1321 3357 1378 3412 in
1425 3355 1569 3414 locis
1609 3355 1730 3414 fere
1765 3354 2074 3413 innumeris
2117 3352 2242 3410 sine
2281 3369 2383 3410 va-

121 3443 327 3504 rietate
368 3463 567 3502 omnes
611 3434 855 3519 α’νδρῶν
894 3439 1395 3498 exhibueruntt·1.
1439 3445 1494 3497 4.
1537 3442 1590 3498 7.
1632 3444 1720 3498 24.
1761 3443 1852 3498 31.
1897 3443 1988 3498 32.
2037 3442 2108 3496 35
2139 3435 2246 3498 bis.
2291 3441 2379 3496 53.

124 3529 208 3585 66.
267 3533 355 3588 73.
415 3534 505 3588 82.
552 3533 673 3588 135.
734 3533 855 3589 155.
918 3529 1041 3584 201.
1088 3529 1249 3587 214.-
1284 3521 1359 3580 Π.
1405 3527 1494 3582 32.
1535 3527 1626 3585 36.
1675 3527 1764 3586 49.
1820 3527 1909 3583 53.
1954 3526 2044 3581 63.
2085 3527 2207 3581 111.
2251 3528 2374 3584 115.

126 3614 225 3669 166
264 3619 373 3673 etc.
420 3618 529 3670 etc.
574 3617 687 3670 ete.
730 3608 983 3670 --·vl1.
1017 3612 1118 3668 187
1162 3605 1428 3670 ὃουσέων
1469 3605 1806 3670 τοσουτέων
1843 3605 2188 3687 μυριαδέων
2212 3605 2382 3664 maie

128 3694 406 3771 uulgatum
463 3700 553 3754 est
604 3713 713 3772 pro
768 3687 1121 3772 μυριάδων,
1182 3693 1337 3769 quod
1391 3691 1581 3754 Bekk.
1643 3691 1717 3750 al·
1775 3707 1900 3750 cum
1959 3691 2127 3749 codd.
2187 3691 2252 3746 S.
2307 3687 2382 3745 V.

131 3785 327 3837 no'stro
366 3781 757 3839 restituerunt.
842 3777 989 3834 Item
1024 3776 1173 3834 male
1196 3771 1501 3850 ‘vulgatum
1538 3780 1626 3834 est
1664 3773 1818 3839 vm.
1862 3780 1928 3836 71
1973 3772 2232 3837 ἐουσέων
2274 3793 2386 3850 μυ-

136 3860 387 3936 ριαδέων
425 3861 693 3926 πολλέων
738 3880 849 3941 pro
884 3853 1195 3958 μυριάδων
1219 3898 1240 3934 ,
1280 3861 1439 3936 quod
1484 3857 1667 3917 Bekk.
1711 3860 1783 3923 al.
1829 3867 1984 3920 recte
2025 3859 2381 3932 receperunt.

135 3944 245 4004 Sed
286 3947 391 4006 111.
437 3952 542 4008 159
587 3945 763 4009 πέντε
802 3945 1121 4026 μυριαδων
1160 3941 1315 4018 vulg.
1352 3948 1422 4000 'et
1460 3943 1559 4000 IX.
1603 3947 1674 4003 70
1714 3937 2035 4025 τριήκοντα
2067 3929 2384 4018 μυριάδων

141 4029 915 4176 ἱΐίιῖοἷὲἒδῖἔὲἷῗᾋωῒ
959 4024 1542 4174 Ελᾶἷέἴρθῗῗέῖἒ
1573 4017 2390 4183 ῗῖᾙίἷῗζζηῖῑ.ιὲῗῖ’ἒ”ξῖ’

302 4156 318 4173 0
690 4159 704 4175 ο
799 4160 818 4178 .
912 4157 929 4173 ο
1009 4138 1029 4174 l
1411 4153 1428 4168 ο
2357 4133 2388 4148 '¹'

144 4197 417 4278 λιαδέων,
474 4206 533 4260 et
584 4199 710 4257 Vll.
752 4203 845 4272 29,
886 4137 1009 4256 ubiz
1028 4198 1257 4275 quidem
1299 4194 1437 4254 nihil
1487 4195 1779 4253 varietatis
1829 4191 2114 4247 enotutum
2159 4191 2275 4253 est3
2331 4190 2390 4244 et
