2784 4567
791 200 880 257 De
925 199 1158 261 dialecto
1205 198 1531 259 Herodotea
1550 201 1557 214 '
1576 196 1664 258 lib.
1714 198 1754 256 1.
1844 278 1851 284 θ
2309 191 2386 264 1,7

201 391 211 402 ·
276 363 692 441 Transgredior
728 366 846 441 jam
889 366 962 431 ad
1007 367 1171 425 alium
1219 365 1424 442 locum,
1468 366 1562 441 qui
1607 371 1693 423 est
1739 364 1809 427 Π.
1864 366 1981 426 116.
2066 365 2239 433 Quod
2291 386 2383 425 ca·-

92 446 346 525 pitulum
395 468 578 523 aeque
627 469 693 508 ac
736 470 978 525 sequens
1020 461 1106 511 tot
1151 453 1435 527 tantisque
1480 448 1901 507 difficultatibus
1954 451 2157 527 premi,
2216 452 2380 511 Stru-

87 533 223 588 vius
255 533 410 589 'dixit
453 534 650 611 (Spec.
701 534 744 591 l.
794 554 849 610 p.
917 540 987 593 43
1044 535 1166 593 coll.
1228 553 1282 612 p.
1336 536 1459 611 34),
1509 540 1565 591 et
1628 552 1853 591 manum
1916 533 2380 609 interpolatricem

84 635 216 672 non
265 633 376 672 uno
428 617 481 674 in
535 617 659 675 loco
701 623 986 694 expertum
1031 638 1172 691 esse,
1219 624 1282 675 ut
1325 619 1417 677 alii
1458 618 1695 694 tempori
1735 617 1879 675 hane
1938 617 2377 690 disquisitionem

85 698 206 755 sibi
250 702 643 759 reservandam
695 719 820 758 esse
862 710 1128 759 censeret.
1193 703 1309 760 Sed
1345 710 1525 759 morte
1562 702 1717 779 prius
1752 707 1838 758 est
1877 698 2163 777 abreptus,
2210 718 2379 776 quam

81 783 453 860 propositum
495 784 729 861 peregit.
819 784 899 842 Ut
945 804 1076 843 vero
1128 785 1219 843 ille
1277 786 1448 843 verba
1499 784 1558 858 ἐς
1598 780 1635 846 3
1688 784 1795 842 hoc
1852 801 1920 841 ex
1992 784 2178 860 capite
2228 791 2381 843 recte

81 866 340 940 ejecerat
381 868 456 923 ad
507 868 773 925 orationis
817 873 1066 925 tenorem
1103 868 1548 941 restituendum,
1591 868 1669 925 sic
1713 868 1820 925 alia
1878 868 2047 924 etiam
2092 866 2261 924 verba
2314 876 2377 925 ut

81 949 281 1007 aliena
331 948 667 1008 eliminanda
719 968 840 1008 esse
895 969 1111 1009 censeo.
1199 952 1499 1012 Herodoto
1550 951 1695 1009 enim
1738 950 1903 1009 etiam
1960 948 2245 1008 Homerus
2288 952 2377 1008 fa·-

77 1050 246 1089 mam
293 1031 444 1090 illam
488 1034 771 1111 accepisse
812 1033 963 1091 visus
989 1039 1124 1105 -est,
1170 1031 1547 1093 Alexandrum
1602 1052 1729 1090 cum·
1780 1037 1945 1109 rapta
1998 1032 2217 1091 Helena
2260 1053 2373 1092 non

77 1116 389 1186 continuo,
439 1120 506 1172 ut
549 1116 882 1194 Cypriorum
911 1118 1210 1175 carminum
1242 1126 1438 1177 auctor
1474 1122 1695 1175 caneret
1736 1116 1833 1193 (cf.
1870 1114 2033 1173 Eust.
2063 1115 2134 1173 Jl.
2168 1121 2374 1175 5032-

75 1200 256 1273 643),
297 1198 530 1272 Trojam
566 1201 802 1277 venisse,
845 1194 944 1257 sed
983 1202 1230 1259 adversis
1265 1203 1443 1260 ventis
1475 1220 1510 1258 a
1554 1219 1717 1258 cursu
1750 1198 2063 1277 depulsum,
2122 1202 2195 1258 ad
2231 1198 2372 1260 Pro-

73 1289 249 1340 teum
293 1280 537 1359 Aegypti
589 1302 777 1359 regem
820 1284 1066 1341 delatum
1109 1304 1263 1355 esse3
1319 1286 1419 1343 sed
1472 1284 1781 1358 neglexisse
1836 1302 1959 1342 eam
2015 1284 2181 1360 ideo,
2237 1288 2370 1363 quia

74 1384 208 1424 non
252 1366 486 1441 perinde
525 1366 599 1423 ad
654 1367 904 1425 carminis
947 1370 1183 1425 formam
1237 1369 1442 1426 decora
1485 1368 1682 1426 fuisset
1722 1372 1894 1444 atque
1937 1367 2063 1445 ista,
2117 1385 2230 1443 qua
2281 1389 2369 1427 re-

73 1466 228 1507 vera
276 1455 426 1529 esset
476 1467 622 1507 usus.
707 1450 881 1508 Haud
925 1459 1110 1510 tamen
1156 1452 1400 1509 nescium
1445 1451 1565 1527 ejus
1616 1452 1786 1509 fuisse
1828 1451 2159 1523 Homerum,
2205 1460 2365 1528 post-

77 1550 263 1608 quam
305 1532 528 1606 tribus2.
547 1541 609 1590 ut
647 1553 796 1591 nunc
837 1536 1040 1593 nostris
1088 1536 1311 1608 quidem
1349 1537 1403 1592 in
1444 1533 1847 1613 exemplaribus
1880 1534 2103 1608 legitur,
2154 1553 2223 1591 ex
2243 1536 2369 1592 Ho-

73 1615 228 1674 meri
269 1616 602 1693 carminibus
647 1618 826 1675 citatis
872 1618 1008 1675 locis
1051 1619 1483 1690 demonstravit,
1526 1637 1631 1675 suo
1669 1634 1824 1675 more
1864 1618 2078 1693 pergit:
2128 1618 2192 1677 ἐν
2225 1612 2370 1677 τού-

73 1716 245 1760 τοισι
303 1706 457 1760 τοῖσι
521 1698 688 1760 ἔπεσι
759 1702 962 1777 δηλοῖ,
1037 1694 1132 1761 ὅτι
1176 1696 1464 1779 ἠπίστατο
1526 1696 1675 1779 τῆν’
1710 1700 1772 1771 ἐς
1830 1699 2139 1777 Αἴγυπτον
2201 1690 2369 1763 ’Aze-

75 1776 358 1859 ξᾶνδρου
399 1777 656 1860 πλάνην.
744 1783 910 1851 Quae
952 1785 1178 1858 quidem
1228 1785 1397 1842 verba
1439 1784 1513 1841 ad
1571 1783 1811 1860 primum
1867 1787 2087 1840 tantum
2135 1780 2369 1841 Homeri

77 1865 196 1940 (Jl.
236 1863 334 1923 Vl.
388 1869 523 1939 289)
567 1865 750 1925 locum
794 1868 1095 1945 pertinent,
1138 1867 1358 1925 minime
1402 1867 1568 1924 etiam
1609 1867 1682 1923 ad
1728 1868 1875 1923 duos
1914 1866 2249 1943 posteriores
2298 1886 2367 1925 ex

77 1950 354 2025 Odyssea
397 1950 526 2025 (lv.
571 1953 674 2008 227
733 1957 792 2007 et
830 1953 965 2024 351)
1017 1958 1252 2019 sumtus,
1296 1952 1348 2009 in
1398 1950 1600 2025 quibus
1633 1970 1745 2007 non
1781 1948 2082 2008 Alexandri
2115 1968 2363 2008 errorum

76 2052 216 2091 cum
257 2033 472 2091 Helena
514 2034 720 2091 mentio
764 2035 1054 2109 injiciatur,
1104 2036 1205 2093 sed
1257 2034 1495 2093 Menelai
1548 2041 1607 2092 et
1648 2032 1915 2092 Helenae.
1984 2032 2171 2093 Etiam
2231 2052 2366 2111 pro-

73 2119 232 2176 xime
272 2118 560 2192 sequentia
595 2118 766 2176 verba
816 2117 1092 2197 όμουρέει
1136 2113 1248 2198 γάρ
1291 2142 1344 2178 κ.
1402 2142 1451 2178 τ.
1496 2120 1547 2179 λ.
1586 2118 1659 2175 ad
1697 2118 1893 2176 Jliadis
1926 2123 2145 2177 tantum
2180 2116 2361 2175 locum

73 2204 239 2259 recte
285 2202 474 2258 referri
517 2208 787 2278 possunt,
836 2220 1007 2276 quum
1071 2203 1123 2259 in
1183 2221 1250 2258 eo
1309 2208 1529 2260 tantum
1586 2202 1658 2260 de
1721 2201 1969 2259 Sidoniis
2024 2202 2099 2259 sit
2162 2218 2359 2259 sermo.

73 2284 385 2342 Praeterea
426 2284 500 2340 illi
551 2302 614 2342 ex
658 2284 916 2361 Odyssea
957 2285 1101 2343 male
1150 2287 1335 2344 inserti
1377 2286 1485 2343 loci
1526 2284 1692 2362 plane
1733 2291 2049 2363 repugnant
2090 2284 2176 2342 his
2227 2286 2361 2361 ipsi-

74 2388 150 2424 us
202 2367 478 2425 Herodoti
522 2368 703 2426 verbis
756 2370 954 2426 eodem
999 2370 1180 2445 capite
1222 2370 1422 2446 positis
1480 2368 1581 2427 καὶ
1637 2362 1879 2449 ου’ὃαμῇ
1927 2364 2076 2447 ἄλλῃ
2136 2361 2361 2427 α’νεπό-

74 2453 218 2513 δισε
233 2451 292 2525 *)
344 2445 586 2521 ἑωυτόν,
622 2459 679 2510 et
719 2450 824 2508 illis
865 2452 922 2509 in
967 2454 1150 2529 capite
1204 2452 1456 2529 proxime
1506 2457 1776 2525 sequente
1828 2450 2009 2508 obviis
2064 2448 2168 2510 καὶ
2223 2444 2363 2510 τόδε

67 2530 154 2596 ‘to'
209 2534 431 2613 χωρίον
452 2534 543 2611 *’*)
591 2528 709 2595 οὔκ
756 2529 972 2611 ἥκιστα
1023 2530 1172 2593 cisso?
1218 2530 1476 2611 μάλιστα
1526 2534 1734 2603 δῆλον,
1776 2528 1867 2591 ’ὅτι
1918 2526 2034 2591 οὐκ
2080 2525 2363 2627 Ὀμήρου

70 2614 156 2679 τοὶ
216 2612 468 2695 Κύπρια
511 2612 664 2677 ἔπεσί
705 2616 824 2677 ἔστι
851 2639 907 2676 κ.
938 2638 988 2680 τ.
1040 2621 1089 2675 λ.
1141 2623 1197 2673 et
1241 2618 1306 2679 ἐν
1351 2613 1415 2676 δὲ
1460 2610 1665 2673 Ἰλιάδι
1726 2612 1881 2695 λέγει
1944 2610 2027 2685 ὥς
2079 2613 2363 2685 §atatem

69 2698 258 2783 ἄγων
302 2694 514 2775 minin.
602 2699 767 2766 Quae
817 2700 1001 2757 omnia
1050 2700 1218 2756 verba
1257 2699 1403 2763 clare
1437 2699 1839 2770 demonstrant,
1886 2696 1958 2754 de
1991 2717 2103 2755 uno
2146 2704 2363 2755 tantum

69 2802 270 2860 eoque
315 2782 499 2842 iliadis
541 2782 666 2841 loco
711 2783 945 2859 cogitari
968 2802 1154 2859 posse,
1199 2784 1330 2859 quia
1361 2783 1569 2860 Cypria
1612 2782 1855 2840 carmina
1886 2798 1977 2838 res
2006 2788 2139 2840 ante
2171 2780 2360 2839 Achil-

67 2871 142 2927 lis
189 2868 326 2926 iram
371 2873 560 2945 gestas
603 2868 903 2927 continent.
970 2864 1174 2943 Neque
1215 2886 1348 2927 vero
1394 2885 1481 2925 me
1520 2866 1833 2947 praeteriit,
1890 2864 2000 2923 hoc
2040 2871 2220 2924 totum
2264 2884 2358 2923 ca-

217 3080 274 3147 ')
308 3079 388 3132 Ut.
419 3078 552 3133 enim
583 3082 781 3135 Herod.
822 3082 886 3137 V.
919 3080 1006 3147 92,
1046 3081 1080 3135 6
1123 3082 1258 3137 dixit
1291 3078 1655 3145 οἰναποδίζων
1674 3080 1776 3135 τὸν
1794 3077 2027 3145 κήρυκα,
2064 3080 2357 3135 idemtidem

76 3148 264 3203 eadem
298 3148 629 3219 interrogans
661 3152 758 3213 (cf.
792 3150 1052 3219 Interppr.
1092 3150 1241 3205 Suid.
1276 3168 1317 3203 s.
1353 3168 1405 3202 v.
1444 3146 1824 3215 ἀναποδίζων,
1864 3148 2063 3201 Pollux.
2114 3150 2185 3212 ΙΙ,
2233 3146 2358 3202 196.

76 3217 281 3271 Aneed.
320 3216 487 3271 Bekk.
523 3218 566 3272 Ι.
612 3216 699 3283 83,
737 3219 772 3270 2
809 3212 1190 3281 ἀναποδίζων,
1228 3213 1356 3272 ἀντὶ
1391 3218 1493 3271 τοῦ
1522 3214 1593 3269 τὰ
1624 3214 1874 3281 πρότερα
1908 3212 2149 3283 ἐρωτῶν.
2219 3216 2358 3267 Pha—

75 3300 200 3337 vor.
233 3300 292 3351 p.
333 3284 434 3337 108
471 3286 580 3349 [ed.
609 3286 794 3353 Dind.]
837 3283 1202 3349 ἅναποδίζειν
1237 3284 1302 3338 τὸ
1339 3282 1613 3349 ἐξετάζειν
1646 3284 1737 3337 καὶ
1778 3280 1979 3341 οἱςανεὶ
2013 3280 2356 3349 συγκρούειν.

73 3348 430 3419 ‘Honorando
465 3348 746 3421 ἅνερετῶν
776 3370 838 3406 τε
871 3353 968 3405 καὶ
1004 3350 1361 3416 ἀναποδίζων
1400 3351 1506 3407 τὸν
1550 3350 1790 3421 κήρυκα,
1848 3351 1936 3403 ubi
1982 3351 2104 3403 vide
2153 3368 2217 3403 ne
2263 3367 2357 3419 pro

73 3416 424 3487 Ἡρωδιανὸς
457 3422 687 3473 sollemni
740 3439 806 3475 ex
848 3420 1149 3474 confusione
1190 3423 1533 3491 reponendum
1577 3422 1647 3473 sit
1678 3416 2003 3485 Ἱῑρόδοτος,
2048 3436 2357 3487 quamquam

76 3487 220 3571 Ῥω
254 3486 1138 3611 ¹¹:²55&·.3‚³⁸.f⁷‘2‘⁰.2{‘33⁰⁵⁹.255..
1156 3486 1660 3610 *fisssdssass‘ffssif‘ff
1674 3485 2060 3608 „issaftffxz‘x
2079 3486 2359 3605 11253‘12‘23

73 3572 649 3692 issguffsinterrogavit,
685 3575 858 3679 ignest
890 3576 990 3678 nqm
1027 3579 1212 3677 iterti'm
1254 3626 1320 3679 ad
1359 3574 1671 3678 memooriamg
1694 3640 1836 3675 suam
1882 3596 2181 3686 revocavit,
2220 3621 2358 3689 quod

73 3693 193 3759 ipso
229 3692 364 3743 bene
405 3695 687 3759 cognovit,
722 3710 892 3762 neque
925 3693 1092 3746 simile
1125 3693 1366 3777 quiddam
1404 3711 1469 3746 eo
1502 3699 1747 3761 spectans
1774 3690 2045 3773 pambon,
2092 3690 2131 3771 i³
2169 3707 2215 3745 e.
2251 3706 2359 3740 πα-

74 3758 345 3825 ρεποίησε
381 3761 511 3828 (quo
549 3762 614 3813 de
648 3763 814 3843 verbo
853 3762 1090 3813 conterre
1131 3762 1343 3828 juvabit
1388 3761 1581 3813 Jacobs
1628 3760 1935 3841 vermischte
1982 3757 2254 3841 Schriften,
2286 3756 2358 3809 T.

73 3824 668 3964 {309325'322312232111'
673 3837 780 3949 ‘2²2⁰
789 3828 1352 3959 ίιὲἓέἑὲιξὛὲοέἳῗ
1382 3827 1753 3949 iih‘hlssvff
1784 3827 2194 3961 5;‘¹¹;¹.?.33531‘2‚
2216 3840 2360 3941 ⁰:231:

76 3963 298 4014 tentiam
350 3965 598 4028 mutandi,
635 3962 834 4017 irritam
873 3962 1138 4025 reddendi,
1183 3963 1505 4033 ineptissima
1543 3962 1661 4015 mihi
1700 3981 1815 4013 esse
1850 3962 2073 4021 videtur,
2111 3974 2177 4008 ae
2210 3957 2361 4022 plane

81 4037 289 4113 pugnat
325 4036 384 4081 et
418 4046 534 4085 oum
569 4049 696 4090 vero
734 4032 898 4102 ipsius
933 4032 1036 4085 loci
1071 4046 1242 4095 sensu,
1272 4042 1326 4082 et
1353 4048 1465 4083 cum
1485 4029 1790 4083 testimoniis
1809 4030 1923 4081 istis
1944 4036 2171 4078 veterum
2191 4037 2360 4085 gram-

83 4108 414 4231 manprrugid
452 4166 552 4219 hoc
596 4168 742 4221 vocis
784 4167 990 4233 χωρίον
1025 4165 1321 4233 significatu
1351 4166 1461 4233 jam
1500 4162 1793 4231 antiquiore
1808 4166 2041 4222 tempore
2071 4150 2225 4203 obvio
2246 4152 2363 4207 vide

73 4232 388 4301 Bernhardy
421 4235 489 4287 ad
521 4234 742 4305 Dionys.
784 4236 991 4303 Perieg.
1026 4250 1076 4303 p.
1110 4231 1230 4287 859.
1894 4282 1936 4343 2
