2784 4567
377 128 504 196 186
1001 135 1095 196 De
1137 136 1380 198 dialecto
1422 136 1763 200 Herodotea
1800 139 1898 201 lib.
1938 139 2015 200 11.

377 309 488 364 184
525 303 638 362 bis.
675 309 800 364 210.
841 304 991 365 Vm.
1031 311 1122 367 25.
1169 311 1264 368 46.
1305 310 1395 368 73.
1432 306 1533 368 ΙΧ.
1576 311 1667 370 66.
1712 312 1805 367 70.
1888 307 2079 368 Etiam
2106 309 2231 368 aliis
2258 308 2319 366 in
2356 307 2511 368 locis
2558 311 2659 370 ubi

257 375 264 385 ⁸
375 388 548 448 codd.
589 387 734 447 Mn.
774 389 865 448 vel
907 408 1108 448 omnes
1148 389 1240 448 vel
1279 375 1505 468 plurimi
1544 391 1635 448 vel
1692 392 1941 469 denique
1988 392 2199 468 singuli
2246 393 2487 469 quidam
2526 396 2659 452 vul-

376 489 573 548 garem
624 471 862 532 formam
905 474 1326 551 praebuerant,
1365 495 1517 532 nunc
1557 474 1679 534 fe're
1720 475 1933 554 ubique
1976 482 2134 548 tecte
2172 475 2521 535 Herodotea
2566 484 2657 536 est

377 556 686 614 substituta
737 555 850 634 (sic
889 557 985 618 VI.
1025 564 1094 618 41
1148 561 1288 639 τῇσι
1331 557 1603 636 τέσσερσι
1640 578 1791 618 nunc
1832 567 1987 619 recte
2030 560 2188 636 vulg.
2244 559 2532 641 τέσσαρσι
2576 562 2653 624 F.

377 640 479 710 S.;
541 639 674 699 vide
727 646 786 699 et
840 641 886 702 1.
941 647 1008 702 51
1063 641 1338 722 τέσσερας
1375 643 1567 702 Bekk.
1626 643 1919 720 τέσσαρας
1958 645 2147 703 Gaisf.
2198 644 2295 702 alii
2350 653 2415 704 et
2471 647 2651 706 codd.

373 730 678 799 praeterea
718 723 766 782 Ι.
811 729 900 786 60.
943 730 1068 788 142.
1112 729 1233 786 192.
1272 731 1394 786 193.
1435 725 1509 784 11.
1552 731 1642 786 29.
1684 732 1775 786 30.
1813 733 1903 788 31.
1932 733 2024 788 68.
2054 733 2174 788 138.
2207 731 2331 788 157.
2360 735 2487 788 158.
2524 736 2653 790 168.

371 805 604 950 niblo.
653 812 774 868 103.
851 808 948 866 IV.
989 815 1077 868 28.
1119 815 1240 870 163.
1293 813 1417 872 197.
1488 810 1557 868 V.
1602 816 1693 870 34.
1772 811 1870 872 VI.
1914 817 2003 871 93.
2072 810 2199 872 Vll.
2241 819 2301 871 2.
2346 821 2477 872 100.
2524 821 2653 874 185.

313 947 320 956 ,
370 888 423 947 V
506 934 523 951 .
553 892 708 967 106),
744 893 898 950 unde
931 898 1105 970 patet·
1127 913 1294 970 quam
1337 893 1486 953 male
1524 895 1711 954 adhuc
1737 897 1999 954 omnibus
2042 896 2103 956 iu
2140 895 2301 955 libris
2332 897 2383 956 I.
2406 905 2483 956 50
2520 898 2653 960 τέσ-

359 990 530 1055 σαρα
573 975 861 1051 vulgatum
898 977 1006 1052 sit,
1049 985 1111 1036 et
1153 979 1352 1058 procul
1385 978 1565 1038 dubio
1596 979 1995 1040 Herodoteum
2034 980 2285 1058 τέσσερα
2328 983 2653 1042 restituen-

373 1059 510 1116 dum
553 1077 699 1121 esse.
751 1091 828 1102 -—-
873 1063 1390 1140 τεσσερεσκαίδεκα
1430 1061 1505 1122 H.
1546 1067 1665 1126 175.
1720 1064 1815 1123 IV.
1862 1069 1955 1132 53.
2008 1065 2130 1126 VH.
2174 1071 2266 1124 36.
2363 1068 2565 1126 Etiam
2604 1068 2649 1124 I.

369 1145 442 1199 84
493 1148 648 1202 recte
703 1161 857 1201 nunc
885 1181 890 1184 -
918 1164 1044 1204 cum
1089 1148 1214 1208 cod.
1265 1147 1323 1206 b.
1374 1143 1983 1226 τεσσερεσκαιδεκάτη
2032 1149 2297 1208 scribitur
2349 1171 2465 1228 pro
2512 1153 2652 1210 olim

368 1223 601 1300 vulgato
639 1231 1086 1306 τεσσαρεσκαιδ.
1127 1236 1188 1288 et
1215 1230 1264 1292 l.
1291 1235 1362 1290 86
1404 1231 1533 1293 ἔτεα
1562 1233 2081 1313 τεσσερεσκαίδεκα
2122 1252 2271 1291 nunc
2304 1234 2471 1310 vulg.
2520 1255 2651 1294 cum

236 1327 244 1332 ·
367 1304 436 1368 F.
483 1314 542 1364 et
579 1308 836 1373 Gronov.
921 1313 1043 1370 Sed
1081 1317 1530 1394 τεσσαρεσκαίδ.
1574 1314 1707 1382 Am,
1748 1319 1814 1379 S.
1858 1317 2041 1376 Paris.
2113 1317 2263 1378 Ibid-
2316 1338 2641 1398 τεσσερεσ-

369 1391 620 1452 καίδεκα
659 1385 885 1474 ἡμέρας
935 1409 1114 1455 nunc·
1144 1398 1292 1474 vulg.
1349 1419 1477 1458 cum
1529 1400 1655 1459 solo
1712 1403 1841 1460 cod.
1888 1403 1944 1464 d.
2030 1400 2143 1460 Alii
2182 1407 2647 1482 τεσσαρεσκαίδ.

366 1474 534 1532 male.
599 1505 684 1518 ·-—
756 1474 1184 1560 τεσσεράκοντα
1225 1481 1296 1546 II.
1346 1491 1431 1560 lql.
1489 1488 1561 1546 29
1612 1483 1793 1565 (τῇσι
1833 1479 2317 1566 τεσσεράκοντα).
2374 1495 2489 1548 142
2535 1497 2644 1548 ter.

364 1554 466 1614 III.
509 1562 598 1616 44.
635 1563 722 1621 56.
766 1566 853 1620 90.
898 1569 986 1628 95.
1053 1566 1150 1626 IV.
1191 1571 1278 1630 73.
1319 1571 1413 1628 90.
1451 1571 1573 1628 159.
1649 1568 1717 1628 V.
1766 1577 1856 1630 52.
1902 1576 1991 1631 54.
2036 1569 2125 1630 64.
2194 1570 2290 1629 VI.
2336 1579 2433 1633 15.
2486 1574 2645 1632 VIII.

365 1646 418 1699 1.
465 1647 586 1700 115.
630 1641 753 1700 VII.
782 1649 904 1707 187.
945 1649 1048 1708 ΙΧ.
1077 1655 1164 1712 27.
1251 1653 1372 1710 Sed
1412 1652 1460 1711 Ι.
1510 1657 1580 1712 14
1620 1673 1727 1730 pro
1773 1674 1925 1714 nunc
1965 1661 2123 1713 recte
2162 1656 2399 1731 vulgato
2446 1666 2679 1722 τεσσε-,

365 1717 627 1800 ρᾶκοντα
671 1725 882 1788 habent
927 1731 1058 1798 Ald.
1107 1740 1167 1795 et
1203 1737 1372 1794 codd.
1418 1738 1481 1793 S.
1512 1738 1579 1798 Δ.
1608 1735 1681 1800 F.
1728 1738 1877 1798 male
1920 1731 2388 1819 τεσσαρῑὶκοντα.
2436 1774 2532 1787 —-
2576 1750 2644 1804 31

362 1802 800 1884 τεσσεράκοντα
854 1833 1004 1875 nunc
1057 1821 1208 1896 vulg.
1255 1840 1382 1878 cum
1424 1820 1507 1884 M.
1552 1840 1638 1891 e.;
1692 1823 1797 1880 sed
1855 1823 2115 1901 plerique
2172 1823 2265 1882 alii
2308 1823 2642 1904 τεσσαράκ.

361 1922 448 1936 —·
491 1897 594 1952 106
635 1893 1084 1974 τεσσεράκοντα.
1110 1921 1260 1962 nunc
1295 1904 1446 1981 vulg.
1488 1925 1613 1964 cum
1648 1903 1751 1964 M.
1775 1906 1851 1968 Κ.
1898 1906 2051 1966 olim
2076 1902 2415 1988 ’τεσσαρᾶκ.
2489 1913 2645 1972 Vide

364 1980 424 2033 et
465 1974 604 2038 Var.
635 1973 838 2035 Lectt.
895 1983 966 2040 ad
1005 1983 1055 2042 1.
1093 1990 1218 2046 166.
1263 1995 1387 2048 202.
1434 1988 1505 2050 [Ι.
1548 1996 1632 2049 15.
1677 1991 1769 2051 29.
1815 1985 2123 2072 (ἡμερέων
2164 1989 2643 2079 τεσσεράκοντα)

363 2060 488 2116 127.
536 2062 658 2119 155.
685 2057 807 2126 HI.
853 2068 938 2120 10.
981 2065 1075 2128 IV.
1120 2075 1204 2128 15.
1233 2075 1317 2129 53.
1359 2071 1458 2135 Vl.
1488 2077 1624 2144 1193
1668 2075 1885 2150 quibus.
1912 2077 2150 2153 *quidem
2180 2079 2251 2141 ‚in
2294 2079 2443 2138 locis
2486 2101 2643 2141 nunc

360 2144 516 2199 recte
571 2141 962 2242 Herodoteum
1009 2148 1445 2231 τεσσεράκοντα
1499 2158 1817 2234 praelatum
1876 2166 1999 2232 θείς
2058 2167 2119 2220 ut
2156 2159 2231 2221 H.
2276 2169 2387 2222 148
2434 2185 2643 2225 omnes

361 2240 1001 2308 τεσσερακοντοργυιος
1055 2235 1442 2298 exhibuerunt.
1498 2275 1585 2286 —-·
1664 2237 1881 2320 ὅελοςῑ,
1949 2264 2098 2322 quae
2150 2247 2337 2306 forma
2390 2251 2513 2308 etsi
2574 2271 2640 2310 ex

363 2308 749 2368 Atticistarum
767 2361 774 2370 .
793 2317 1092 2375 sententiis
1135 2320 1233 2396 (cf.
1277 2321 1433 2384 Lob.
1477 2323 1693 2401 Phryn.
1726 2348 1784 2405 p.
1828 2331 1933 2388 309
1974 2349 2063 2408 sq.
2110 2329 2291 2394 Piers.
2326 2332 2532 2392 Moer.
2576 2355 2637 2414 p.

360 2395 483 2452 373.
556 2392 872 2454 Philemon.
919 2395 1020 2461 lex.
1068 2422 1117 2458 s.
1163 2423 1217 2464 ν.
1287 2406 1476 2468 Bekk.
1520 2405 1742 2474 Anecd.
1784 2409 1834 2488 Ι,
1876 2432 1935 2490 p.
1978 2417 2071 2490 68,
2108 2413 2211 2492 22)
2260 2416 2637 2496 ipsorumque

357 2478 702 2556 scriptorum
759 2480 1100 2541 testimoniis
1137 2488 1266 2560 jure
1312 2491 1515 2550 merito
1576 2495 1795 2570 oph'mo
1852 2497 2057 2574 cuique
2113 2497 2305 2558 Attico
2353 2503 2637 2579 scriptori

357 2549 735 2639 abjudicanda
789 2569 879 2625 est
897 2604 916 2638 ‚
978 2568 1170 2626 tamen
1224 2578 1284 2628 et
1327 2571 1719 2651 Theophrasti
1770 2578 2122 2659 aliorumque
2152 2578 2209 2658 ⁴¹)
2262 2587 2635 2661 auctoritate,

319 2645 508 2704 haud
551 2648 724 2707 dubie
764 2650 918 2708 illam
963 2668 1033 2712 ex
1076 2655 1293 2713 recenti
1335 2654 1471 2715 Iade
1513 2659 1575 2715 in
1609 2681 1770 2720 usum
1812 2663 2237 2740 recipientium,
2294 2670 2537 2746 nititur,
2584 2679 2636 2729 et

359 2735 450 2788 est
493 2732 740 2806 genuina
783 2735 934 2808 apud
983 2735 1206 2797 Herod.
1252 2735 1351 2797 ΙΠ.
1395 2745 1467 2798 24
1504 2740 1563 2814 ἐξ
1603 2737 1785 2808 ὗέλου
1830 2745 1949 2820 bis3
1994 2750 2079 2806 sic
2122 2751 2267 2808 enim
2312 2751 2451 2812 Ald.
2504 2756 2635 2814 Gsf.

355 2812 541 2871 Bekk.
588 2815 659 2872 al.
717 2834 844 2874 cum
887 2817 1057 2873 codd.
1102 2819 1188 2876 Μ.
1231 2837 1282 2876 a.
1327 2841 1378 2878 c.
1448 2817 1623 2893 ξύλου
1664 2828 1742 2887 Κ.
1784 2829 1851 2888 Ρ.
1892 2829 1962 2888 F.
2008 2848 2128 2890 cum
2160 2828 2360 2897 ὑέλου.
2435 2831 2634 2902 ὗᾶλου

235 2929 247 2938 -
359 2896 428 2953 δ’.
468 2896 537 2958 V.
582 2903 638 2955 et
683 2899 766 2956 sic
807 2916 938 2958 mox
975 2901 1040 2960 S.
1087 2933 1171 2946 --
1213 2900 1439 2980 ψεκάδι
1478 2903 1583 2968 111.
1630 2915 1700 2968 10
1736 2913 2016 2988 praebent
2058 2923 2215 2979 recte
2259 2922 2432 2984 codd.
2468 2925 2543 2987 S.
2582 2943 2634 2984 a.

355 2980 450 3053 b.‚
495 2981 920 3056 quodammodo
965 2986 1135 3042 etiam
1177 2988 1356 3046 codic.
1402 2988 1590 3060 R.,·V.
1634 2992 1743 3069 A„
1784 2992 2027 3072 ψεκάσι.
2052 2999 2466 3081 exhibentium,
2534 3027 2635 3066 au-

355 3065 628 3122 ctoritate
688 3064 1080 3127 confirm-atum
1141 3076 1201 3126 et
1243 3070 1527 3131 Eustathii
1568 3071 1675 3152 (ad
1716 3076 1791 3154 D.
1831 3080 1896 3139 P.
1940 3079 2077 3159 248)
2120 3086 2480 3158 testimonio:
2545 3086 2634 3153 ’ὅτι

358 3144 422 3210 δὲ
467 3149 572 3211 καὶ
613 3150 754 3229 περὶ
796 3143 1298 3229 τοῠς’τοιούτους
1338 3151 1567 3231 τόπους
1608 3151 1787 3232 datie
1828 3157 1901 3224 οὗ
1946 3163 2469 3249 καταρρήγνυται,
2520 3178 2633 3252 δη-

357 3237 484 3300 λοῖ,
511 3225 546 3294 ὁ
586 3229 954 3314 θαυμάζων,
1017 3231 1108 3300 ὅτι
1151 3237 1252 3302 ἐπὶ
1307 3244 1705 3321 Ψαμμηνίτου
1748 3249 1857 3308 τοῦ
1911 3250 2057 3318 υἱοῦ
2094 3243 2385 3328 Ἀμάσιος
2428 3252 2634 3336 ὕσθη-

354 3336 466 3379 σαν
509 3319 622 3397 (sic
660 3340 770 3397 pro
813 3315 1100 3400 ἥσθησαν
1143 3323 1575 3385 rescribendum
1631 3335 1747 3398 est)
1794 3329 1874 3390 αἱ
1920 3335 2119 3410 Θῆβαι
2158 3333 2419 3412 ψεκάδι,
2452 3329 2637 3399 nude

351 3407 515 3481 patet
545 3400 744 3480 ψεκᾶς
781 3407 984 3464 solum·
1011 3426 1138 3466 esse
1175 3409 1593 3487 Herodoteum‚
1630 3431 1818 3491 neque
1858 3421 2017 3473 recte
2059 3423 2407 3479 recentiores
2454 3443 2637 3500 quos-

352 3485 490 3550 dam
543 3487 792 3546 editores
849 3490 1088 3567 fecisse,
1145 3513 1320 3570 quum
1371 3515 1405 3554 e
1460 3497 1629 3556 codd.
1672 3497 1755 3560 Μ.
1804 3497 1871 3556 Ρ.
1915 3497 1993 3560 Κ.
2039 3500 2113 3559 F.
2168 3521 2223 3560 c.
2272 3506 2329 3568 d.
2382 3507 2637 3568 alterum

351 3565 591 3646 ψακάδι
629 3575 1016 3648 reposuerint.
1099 3576 1248 3637 Vide
1286 3579 1531 3639 Wessel.
1574 3581 1651 3642 ad
1680 3587 1861 3646 nostr.
1896 3582 2008 3642 loc.
2053 3584 2238 3652 Piers.
2268 3587 2455 3648 Moer.
2492 3613 2549 3652 s.
2580 3613 2633 3657 v.

392 3863 410 3874 =
491 3841 552 3910 ¹⁴¹)
589 3845 660 3899 cf.
697 3845 902 3900 Aelian.
946 3849 1070 3903 Ver.
1107 3847 1253 3904 nist.
1291 3846 1439 3902 xm.
1482 3851 1520 3912 8
1553 3849 1765 3907 πύελον
1796 3849 2029 3922 ὑελίνην
2066 3844 2245 3923 εὗρεν.
2316 3857 2475 3928 Apud
2518 3861 2633 3915 He·

345 3927 528 3964 ronem
565 3908 654 3964 ω’ὀι
688 3910 884 3967 ὑέλινα
920 3913 992 3968 τὰ
1028 3913 1253 3982 ἰατρικά
1293 3928 1595 3978 occurrunt.
1642 3951 1713 3962 —-
1760 3921 1921 3975 Diod.
1956 3923 2127 3980 Sicul.
2160 3923 2231 3990 11,
2270 3927 2338 3978 15
2370 3928 2631 3998 ταριχεύ-

343 3994 540 4041 σαντες
587 3976 658 4033 τὰ
709 3980 946 4050 σώματα
988 3982 1087 4035 καὶ
1120 3984 1546 4053 περιχεῦσαντες
1584 3984 1780 4052 αὐτοῖς
1814 3987 2029 4060 πολλὴν
2060 3985 2253 4045 ὕελον
2268 3993 2493 4051 ἱστᾶσιν
2532 3993 2631 4052 ἐπὶ

347 4043 576 4116 στήλης,
614 4042 756 4103 ὥστε
789 4053 912 4110 τοῖς
942 4051 1210 4116 παριοῦσι
1240 4054 1555 4120 φαίνεσθαι
1587 4053 1686 4110 διὰ
1720 4059 1821 4126 τῆς
1854 4053 2027 4112 ὑέλου
2060 4057 2125 4115 τὸ
2166 4063 2279 4116 τοῦ
2311 4069 2625 4134 τετελευτη-

345 4112 516 4175 κότος
549 4117 744 4185 σῶμα,
780 4114 1046 4184 καθάπερ
1079 4114 1380 4186 Ἡρόδοτος
1415 4123 1617 4191 εἴρηκε.
1690 4127 1828 4181 Vide
1861 4126 2135 4198 Interppr.
2172 4133 2240 4186 ud
2276 4131 2483 4189 Herod.
2522 4137 2625 4193 m.

349 4180 438 4236 24.
479 4190 532 4234 et
568 4183 762 4241 Baehr.
805 4185 960 4240 Otos.
992 4186 1204 4256 Reliqq.
1241 4205 1294 4258 p.
1330 4190 1438 4244 410
1470 4207 1589 4260 sqq.
