2784 4567
753 148 844 209 De
891 150 1130 210 dialecto
1179 150 1511 210 Herodotea
1552 150 1643 210 lib.
1692 150 1733 212 Ι.
2336 156 2419 219 51

141 318 312 374 dotus
364 336 438 375 an
483 314 704 384 Ctesias
757 336 830 375 an
879 336 948 376 ex
1005 316 1482 395 leg-ographorum
1536 338 1767 377 numero
1819 319 2035 397 aliquis.
2128 323 2424 387 Praeterea
2510 338 2521 347 “

141 404 214 458 ad
279 409 500 478 tempus
561 403 832 478 cujusque
879 404 1168 479 scriptoris
1231 404 1649 478 diligentissime
1702 406 1900 481 respici
1967 409 2151 467 debet.
2248 409 2415 485 Nam,

139 487 299 559 quod
338 486 456 560 jain
501 504 671 563 supra
721 489 933 559 monui,
993 506 1187 545 recens
1245 488 1367 564 ipsa
1422 488 1615 545 Jonica
1679 488 1947 547 dialectos
1982 486 2251 570 temporis
2291 512 2419 554 snc-

137 588 297 626 cessu
361 571 539 626 varias
601 572 842 628 babebat
897 572 1084 629 multis
1127 572 1182 627 in
1229 573 1399 627 rebus
1444 573 1792 631 mutationes.
1880 573 2043 641 Quas
2091 596 2283 635 omnes
2330 580 2421 637 di-

139 652 448 710 versitates*
475 655 930 729 differentiasque
975 656 1260 732 paullatim
1307 656 1517 730 negligi
1560 657 1973 732 exaequarique
2016 670 2251 738 coeptas
2283 682 2424 734 esse,

139 746 224 809 ut,
263 738 422 795 novis
467 740 650 795 multis
679 741 1000 797 ·verboru1n
1059 741 1252 796 formis
1307 747 1481 813 atque
1532 742 1811 797 interdum
1888 744 2057 799 etiam
2127 746 2429 803 formarum

141 824 402 881 monstris
463 825 698 899 repertis
767 825 1106 899 additisque,
1171 826 1479 883 communis
1552 826 1831 899 quaedam
1891 825 2096 885 Joniea
2160 829 2429 888 dialectus

139 908 410 983 oriretur,
457 908 610 965 haud
651 915 861 965 temere
905 910 1068 965 nobis
1119 914 1382 965 statuere.
1412 908 1678 965 videmur.
1768 910 1850 967 Ut
1908 912 2053 967 enim
2120 916 2426 972 communis

137 990 232 1047 illa
278 991 472 1065 lingua
519 999 662 1066 tum,
703 1010 875 1065 quum
916 992 1034 1066 jain
1081 1000 1350 1067 quattuor
1394 992 1523 1049 illae
1579 992 1765 1067 graeci
1832 994 2101 1053 sermonis
2159 998 2425 1056 differen-

137 1076 250 1131 tiae
286 1076 479 1149 vigere
524 1077 834 1152 desierant,
881 1076 1116 1133 maxime
1175 1077 1454 1147 effloruit,
1497 1076 1577 1133 sic
1622 1078 1787 1133 etiam
1829 1080 2017 1136 variae
2064 1081 2225 1138 unius
2276 1082 2424 1156 ejus-

139 1160 388 1233 demque
433 1159 654 1217 dialecti
699 1161 930 1233 sormae,
981 1178 1152 1234 quum
1196 1162 1468 1235 sequioris
1518 1161 1721 1217 aetatis
1754 1163 2055 1239 scriptores
2085 1164 2281 1224 sedulo
2316 1186 2421 1225 an-

137 1242 414 1322 tiquiores
480 1244 794 1319 promiscue
837 1245 1201 1315 imitarentur,
1249 1262 1358 1301 non
1407 1245 1541 1300 satis
1576 1245 1877 1304 discinctae
1920 1254 2069 1312 sunt.
2140 1248 2217 1306 Et
2240 1252 2419 1327 prima

137 1337 270 1403 post
315 1328 520 1383 Christ.
567 1337 679 1384 nat.
725 1328 908 1385 secula
951 1346 1214 1403 magnum
1279 1330 1767 1403 grammaticorum
1823 1336 1883 1389 et
1943 1332 2225 1391 rhetorum
2281 1354 2419 1412 pro-

136 1417 368 1467 ventum
409 1412 726 1468 extulerunt
767 1413 868 1483 (cf.
916 1412 1138 1471 Heeren
1199 1412 1244 1481 Ι,
1315 1432 1374 1489 p.
1452 1417 1521 1471 18
1573 1430 1702 1487 sqq.
1778 1414 2085 1474 Herodian.
2144 1417 2191 1491 1,
2251 1438 2301 1478 c.
2362 1427 2416 1479 2.

139 1494 382 1553 Praesat.
429 1493 698 1552 Nunnesii
741 1498 816 1552 ad
857 1494 1111 1573 Phry-m),
1153 1497 1501 1570 multumque
1544 1499 1714 1554 fuisse
1755 1497 1809 1555 in
1850 1501 2153 1557 tractandis
2198 1502 2419 1559 imitan-

135 1581 336 1653 disque
358 1580 588 1637 Joni'cae
631 1580 849 1637 dialecti
894 1570 1258 1657 scriptoribus
1295 1582 1541 1637 studium
1574 1582 1841 1658 positum,
1885 1585 2179 1640 manil'esto
2214 1586 2420 1644 docent

131 1665 342 1740 scripta
369 1662 640 1738 Erotiani,
683 1664 905 1735 Galeni,
951 1665 1197 1734 Aretaei,
1243 1663 1530 1720 declarant
1562 1664 1781 1720 Arriani
1828 1665 2038 1735 indica,
2080 1668 2418 1725 documento

133 1756 272 1805 suut
313 1746 543 1804 Luciani
587 1748 714 1808 libri
755 1748 830 1804 de
881 1748 1000 1805 Dea
1043 1748 1227 1823 Syria,
1263 1747 1337 1804 de
1385 1746 1724 1821 Astrologia.
1824 1746 1937 1814 Qui
1996 1768 2191 1809 omnes
2242 1754 2421 1831 scrip-

133 1842 309 1904 tores,
343 1850 682 1906 quamquam
728 1850 890 1888 suum
935 1832 1176 1907 quisque
1217 1830 1318 1891 sibi
1359 1832 1726 1907 proposuisse
1764 1832 2079 1911 exemplum
2132 1838 2417 1911 putandus

42 1952 44 1957 ·
131 1924 243 1987 est,
289 1917 463 1973 multa
505 1927 691 1973 tamen
737 1917 1052 1993 promiscue
1095 1922 1452 1991 usurparunt,
1498 1916 1813 1991 multasque
1854 1936 2031 1974 novas
2082 1918 2417 1982 formastjn·

131 2002 446 2071 duxeruut3
513 2002 669 2075 quod
711 2021 778 2058 eo
832 2001 1040 2057 facilius
1085 2000 1202 2057 fieri
1252 2001 1475 2076 potuit,
1518 2018 1633 2075 quo
1678 2001 1855 2076 magis
1900 2002 2156 2060 tum--illa
2212 1993 2416 2063 dialec-

63 2088 70 2099 ‘
131 2093 228 2142 tus
274 2085 389 2159 jam
435 2104 468 2140 a
513 2086 789 2142 communi
836 2087 984 2142 vitae
1028 2104 1132 2141 usn
1177 2090 1392 2141 remota
1436 2102 1471 2139 a
1516 2086 1890 2159 grammaticis
1934 2094 2153 2145 tantum
2196 2097 2254 2147 et
2287 2091 2415 2148 rhe-

129 2170 354 2227 toribus
397 2187 498 2247 per
531 2170 838 2225 doctrinam
883 2178 940 2227 et
990 2169 1194 2245 scripta
1237 2176 1551 2228 sustentata
1595 2179 1697 2228 est.
1766 2168 1889 2228 Nec
1934 2173 2169 2229 multum
2212 2192 2245 2230 a
2278 2194 2414 2233 vero

128 2254 396 2311 aberrare
447 2254 576 2309 mibi
625 2254 848 2325 videor,
893 2255 936 2310 si
979 2254 1117 2309 illud
1161 2254 1334 2311 fuisse
1406 2260 1629 2330 tempus
1678 2260 1902 2326 statuo,
1954 2274 2067 2330 quo
2130 2258 2303 2314 multa
2360 2261 2415 2317 in

129 2338 470 2395 Herodotea
515 2338 768 2395 oratione
811 2338 1294 2414 permiscerentur,
1337 2337 1663 2412 multaeque
1704 2356 1889 2396 novae
1940 2342 2155 2397 formae
2210 2351 2270 2397 ut
2312 2342 2415 2396 Jo-

127 2424 294 2481 nicae
353 2422 777 2492 inducerentur-3
837 2428 898 2478 ut
959 2440 1076 2497 quo
1127 2422 1354 2496 saepius
1410 2426 1469 2477 et
1523 2420 1897 2495 negligentius
1955 2422 2234 2478 Herodoti
2292 2425 2417 2481 libri

127 2506 360 2565 tractati
403 2507 782 2582 descriptique
823 2512 974 2577 sunt,
1021 2524 1090 2563 eo
1145 2502 1340 2578 magis'
1366 2512 1669 2577 augeretur
1706 2502 2055 2579 perturbatio
2090 2512 2148 2561 et
2187 2517 2417 2583 corrup-

125 2592 233 2649 tio.
321 2590 670 2647 creberrime
719 2590 864 2645 enim
909 2596 1029 2645 tum
1061 2587 1340 2644 Herodoti
1385 2586 1722 2663 exemplaria
1754 2604 1878 2644 esse
1918 2586 2225 2664 descripta,
2284 2595 2342 2645 et
2384 2608 2421 2647 a

127 2676 370 2733 librariis
401 2692 578 2751 saepe
617 2673 876 2747 genuinis
923 2671 1108 2729 verbis
1151 2669 1454 2727 substituta
1496 2688 1625 2727 esse
1666 2686 1765 2741 ea,
1810 2688 1958 2745 quae
1997 2670 2098 2729 illis
2150 2676 2419 2751 tempori-

128 2761 243 2817 bus
289 2765 476 2815 essent
522 2758 782 2834 probata,
829 2774 998 2833 supra
1035 2755 1153 2831 jam
1197 2755 1451 2826 vidimus.
1536 2751 1742 2831 Neque
1781 2758 1949 2814 etiam
1981 2762 2181 2834 postea
2231 2759 2417 2817 statim

123 2845 243 2900 ista
289 2842 622 2919 exemplaria
665 2841 866 2916 corrigi
906 2848 1202 2919 poterant,
1256 2837 1582 2917 praesertim
1640 2856 1811 2915 quum
1854 2840 1965 2915 iam
2008 2842 2141 2901 inde
2183 2860 2217 2899 a
2262 2844 2417 2912 Con-

125 2928 362 2985 stanti'ni
409 2926 602 3001 Magni
645 2926 991 3002 temporibus
1033 2924 1238 2982 multas
1281 2930 1479 2981 notum
1526 2924 1599 2981 sit
1632 2926 1977 2987 concurrisse
2005 2928 2271 2984 adversas
2304 2946 2415 3000 res,

127 3011 339 3088 quibus
387 3011 604 3069 litterae
647 3012 1022 3087 expeditaque
1063 3009 1413 3083 antiquitatis
1468 3009 1870 3086 pervestigatio
1926 3028 2191 3086 magnum
2250 3030 2419 3090 cape-

45 3131 52 3143 .
125 3101 262 3154 rent
307 3096 697 3153 detrimentum
725 3101 918 3169 'atque
969 3095 1370 3170 impedirentur
1429 3091 1528 3164 (cf.
1585 3092 1808 3152 Heeren
1865 3094 1913 3170 1,
1957 3115 2013 3171 p.
2068 3098 2105 3153 9
2157 3114 2304 3171 sqq,
2359 3117 2457 3175 p„

123 3183 240 3255 77,
289 3200 346 3257 p.
405 3182 524 3253 51).
583 3179 792 3236 'Istam
845 3180 918 3236 ad
966 3178 1350 3237 confusionem
1415 3176 1568 3235 haud
1627 3178 1797 3235 dubie
1848 3180 2131 3255 pertinent
2186 3182 2419 3251 formae,

125 3264 474 3338 quibusdam
521 3264 576 3321 in
623 3264 788 3321 codd.
827 3263 964 3320 Mss.
1003 3262 1220 3331 obviae,
1263 3264 1512 3339 φοιτῆν,
1540 3262 1823 3343 χρέεσθαι
1844 3263 1988 3321 aliae
2008 3262 2415 3338 hujuscemodi,

125 3350 206 3406 de
257 3342 646 3422 quibus'insra
683 3349 796 3404 suis
836 3348 892 3404 in
933 3347 1068 3403 locis
1114 3345 1443 3403 videbimus.
2092 3374 2099 3379 ·

303 3432 542 3489 Multum
581 3431 672 3489 isti
717 3439 1008 3508 praeterea
1051 3448 1288 3504 graecae
1334 3430 1562 3504 linguae
1608 3427 1831 3487 licentia
1878 3448 1979 3507 per
2022 3432 2417 3507 paragogicam

125 3510 418 3590 quandam
449 3517 688 3574 litteram
733 3536 880 3575 nava
927 3516 1260 3573 traducendi
1297 3514 1468 3571 verba
1520 3512 1681 3569 abusi
1724 3519 1876 3588 sunt,
1918 3515 2151 3572 multum
2203 3536 2273 3573 eo
2316 3517 2417 3573 Jo-

123 3618 266 3659 num
319 3619 507 3670 more,
577 3619 692 3674 quo
743 3601 952 3657 formas
1007 3605 1322 3656 contractas
1380 3616 1485 3673 per
1531 3596 1589 3655 ἶ
1626 3607 2035 3657 consueverunt
2092 3600 2419 3674 dissolvere,

123 3704 312 3760 quum
356 3684 446 3741 isti
494 3684 662 3741 etiam
705 3703 816 3741 non
868 3689 1178 3741 contractas
1223 3700 1390 3737 voces
1437 3687 1533 3737 aut
1595 3678 1715 3755 jam
1760 3690 2107 3753 contractas,
2190 3682 2419 3741 ’E'inse-

119 3770 343 3840 tendo,
388 3770 443 3826 in
497 3768 766 3841 majorem
821 3768 1102 3841 quandam
1147 3766 1380 3822 Jonismi
1440 3766 1679 3842 speciem
1732 3766 2125 3843 depravarent.
2212 3766 2419 3839 Neque

118 3864 318 3912 tamen
359 3852 470 3911 hoc
491 3852 770 3909 Herodoti
817 3858 923 3923 est,
969 3868 1154 3925 neque
1186 3849 1236 3905 ei
1275 3849 1401 3925 ipsi,
1448 3851 1491 3905 si
1536 3850 1683 3907 sorte
1704 3848 1819 3908 tale
1842 3853 1979 3925 quid
2026 3852 2083 3907 in
2130 3848 2416 3906 codicibus

119 3938 456 4006 invenimus,
509 3936 899 4012 tribuendum,
955 3936 1164 4011 quippe
1209 3933 1305 4007 qui
1350 3950 1639 4008 nunquam
1694 3934 1799 3991 nisi
1853 3943 2005 3992 certa
2056 3933 2301 4005 quadam
2346 3946 2416 3985 ex

117 4022 509 4079 contractione
549 4020 762 4079 solutas
813 4019 1158 4096 usurpaverit
1219 4018 1443 4073 formas.
1555 4018 1955 4075 Verumtamen
2010 4010 2415 4069 Hemsterhusii

119 4106 472 4182 temporibus
521 4112 695 4179 atque
737 4106 791 4163 in
829 4104 1118 4181 disciplina
1163 4120 1390 4172 eorum,
1444 4102 1539 4173 qui
1592 4102 1663 4157 ab
1719 4101 1838 4170 ejus
1895 4094 2227 4151 auctoritate
2276 4112 2415 4168 pen-

113 4190 338 4249 debant
380 4196 438 4249 et
480 4190 749 4267 pendent,
793 4207 1032 4263 quorum
1081 4187 1138 4245 in
1171 4202 1407 4243 numero
1456 4186 1561 4241 bac
1614 4200 1678 4237 ex
1728 4184 1887 4253 parte
1930 4174 2097 4231 etiam
2128 4174 2415 4247 Schweig-

1932 4249 2029 4309 4*
