2784 4567
397 113 486 178 98
1038 106 1791 176 Dedi-lectosserodotes
1828 111 2047 180 mu.

403 308 490 348 vs.
523 288 646 348 ωε.
683 282 760 343 ad
801 279 970 344 Hom.
1013 277 1082 340 11.
1123 274 1188 340 δ’
1231 297 1292 358 p.
1325 282 1643 340 469==ssz
1709 278 2005 346 Theou-it.
2042 279 2173 357 XV,
2216 285 2325 342 124
2370 273 2429 344 ὅ
2473 281 2693 364 ἔβενος.

405 373 528 431 Sed
587 365 835 446 ἐβέννου
895 368 1097 422 nostro
1150 363 1212 422 in
1269 363 1401 424 loco
1458 364 1602 424 falso
1659 365 1933 443 scriptum
1972 364 2243 425 exhibent
2282 367 2469 432 codd.
2518 370 2591 428 Ε.
2634 370 2691 429 Ρ.

407 478 458 518 ο.
495 456 552 514 d.
612 450 715 512 111.
759 453 866 510 114
926 447 1136 528 ἔβενον
1177 447 1334 522 vulg.
1386 446 1654 528 ἔβεννον.
1698 469 1750 510 c.
1791 480 1879 496 -
1948 447 2141 528 Atque
2190 443 2406 531 ἆγενές
2458 453 2535 512 V.
2580 459 2616 514 6
2648 462 2695 513 et

407 533 785 620 ἆγενέστερος
819 533 868 592 1.
912 537 1018 594 134
1073 531 1199 590 sine
1245 531 1359 592 ulla
1418 531 1797 592 haesitatione
1838 553 1945 610 per
1992 535 2317 614 simplicem
2364 537 2633 598 litteram
2665 539 2695 600 ὖ

407 634 474 684 ut
505 621 842 682 Herodotea
883 616 1190 678 scribenda
1229 635 1359 676 esse
1402 636 1747 688 censemus3
1804 636 1939 678 nam
1992 611 2277 698 ἀγεννές,
2344 621 2523 698 quod
2578 624 2697 682 eod.

405 709 662 770 Florent-
703 702 914 780 aliique
975 706 1036 758 et
1077 699 1246 759 Eust.
1299 701 1400 760 ad.
1439 700 1518 763 D.
1555 701 1621 762 P.
1661 721 1749 760 vs.
1792 705 1901 762 322
1942 701 2212 780 (Bemb.)
2265 707 2699 784 praetulerunt,

406 793 656 852 Atticum
693 786 882 864 magis
923 791 1016 846 est
1055 803 1225 860 quam
1263 783 1679 862 Herodoteum,
1720 785 1797 844 cf.
1832 785 2037 846 Stallb.
2084 788 2161 846 ad
2182 786 2333 846 Plat.
2370 789 2613 854 Phileb.
2648 812 2699 869 p.

408 883 513 938 133
545 894 676 952 sqq.
759 870 954 930 Fiseb.
993 867 1072 928 ad
1113 865 1428 946 Eutbypbr.
1468 867 1519 946 I,
1578 876 1635 946 1,
1678 876 1768 929 11.
1828 867 1981 930 Held
2028 870 2105 930 ad
2142 871 2295 930 Plut.
2346 873 2585 938 Timol.
2624 883 2698 948 15,

405 983 468 1042 p.
509 967 632 1021 400.
674 990 761 1002 -
801 953 1012 1031 Neque
1052 971 1230 1030 vero,
1269 954 1445 1012 etiam
1480 954 1532 1011 si
1572 955 1979 1030 concedamus,
2012 973 2211 1014 omnes
2255 955 2545 1018 Graecos
2588 961 2694 1018 dis·

408 1047 622 1106 crimen
661 1039 822 1119 illud,
861 1039 1018 1116 quod
1053 1038 1204 1098 inter
1245 1031 1457 1117 ἆγενές
1498 1037 1573 1094 ad
1614 1037 1837 1097 natales
1872 1045 1934 1096 et
1970 1057 2187 1116 genus,
2224 1045 2284 1098 et
2326 1033 2603 1121 ἀγεννές
2636 1044 2699 1102 ad

407 1131 654 1192 animum
693 1125 964 1196 relatum,
1005 1140 1137 1180 esse
1173 1121 1370 1180 volunt
1389 1161 1412 1196 ,
1466 1139 1697 1200 semper
1720 1121 1799 1180 'et
1837 1121 2103 1198 religiose
2146 1124 2541 1201 observasse,
2598 1128 2695 1186 ullo

407 1213 582 1274 modo
647 1210 708 1268 in
770 1206 881 1265 illis
918 1205 1262 1264 Herodoteis
1317 1206 1463 1264 locis
1526 1206 1809 1282 scriptura
1871 1226 1977 1284 per
2034 1207 2381 1282 geminatam
2458 1211 2695 1271 litteram

409 1293 654 1356 serenda
695 1295 818 1365 est,
859 1307 1030 1365 quum
1068 1287 1367 1392 utrobique
1412 1289 1487 1348 de
1529 1291 1813 1350 natalibus
1849 1296 1915 1352 et
1952 1289 2026 1350 de
2064 1310 2275 1368 genere
2318 1301 2570 1370 agatur.
2644 1295 2694 1354 In

410 1379 626 1440 Suidae
647 1373 874 1456 quidem
899 1371 1064 1432 lexic.
1097 1389 1234 1432 mox
1258 1376 1521 1478 αῖενεία,
1560 1393 1695 1436 mox
1736 1368 1983 1456 ἀγεννές
2016 1375 2303 1460 scribitur,
2350 1379 2697 1457 additurque

411 1457 662 1546 ἆγενής,
702 1451 916 1532 Ἰσαῖος
955 1448 1094 1519 «ivri
1133 1460 1248 1519 τοῦ
1289 1481 1497 1532 annac.
1516 1491 1604 1504 —-
1640 1457 1945 1519 Praeterea
1968 1455 2251 1535 ἐλινύειν,
2294 1463 2471 1540 quod
2494 1464 2697 1522 Moeris

409 1571 470 1629 p.
502 1553 604 1610 161
631 1541 872 1624 (Piers.)
916 1541 1122 1604 Atticis
1144 1539 1343 1602 tribuit
1365 1535 1963 1620 (ὶλινῦωνἈττιιιός,
1996 1536 2479 1624 ἀναπαυόμενος
2506 1546 2698 1628 Ἑλλη-

409 1628 625 1708 νικῶς)
659 1631 888 1688 constat
915 1627 1038 1686 sore
1065 1645 1236 1704 nunc,
1267 1628 1509 1706 simplici
1532 1629 1573 1688 ’ὁ
1600 1646 1732 1688 esse
1754 1629 2103 1688 exarandum
2124 1630 2183 1699 *)
2220 1636 2281 1688 et
2320 1630 2409 1690 sie
2442 1627 2697 1696 ἐλινύειν

409 1717 458 1779 1.
493 1719 564 1776 67
600 1732 752 1773 nunc
777 1710 1066 1790 vulgatum
1103 1716 1194 1770 est
1221 1731 1350 1770 cum
1377 1711 1508 1772 cod.
1534 1711 1628 1788 1⁴¹„
1665 1712 1763 1772 ubi
1794 1712 2027 1790 quidem
2057 1709 2397 1778 ἕλλιννῦειν
2430 1717 2511 1777 P.
2534 1738 2595 1778 a.
2636 1739 2697 1794 c.,

409 1805 714 1881 praeterea
751 1791 878 1861 VIL
920 1800 1008 1860 ⁵6.
1053 1793 1208 1854 VIII.
1254 1799 1346 1860 ⁷1.
1385 1829 1479 1841 —
1514 1795 1786 1856 Similiter
1822 1795 1997 1856 etiam
2035 1797 2091 1856 in
2132 1797 2527 1878 Hippocratis
2572 1804 2697 1860 scri·

411 1887 528 1964 ptis
573 1884 678 1957 (cf.
721 1879 896 1940 Foes.
935 1879 1080 1942 Oec.
1133 1879 1312 1960 Hipp.
1357 1901 1409 1941 s.
1447 1900 1505 1945 v.
1546 1879 1659 1958 ——)
1702 1880 1873 1940 istam
1924 1882 2269 1960 scripturam
2306 1885 2543 1962 ubique
2587 1906 2699 1946 esse

411 1962 822 2030 restituendam
853 1964 1068 2042 judico.
1109 1961 1296 2040 Atque
1319 1985 1528 2024 nomen
1566 1963 1979 2025 substantivum
2010 1960 2267 2042 ἕλινύες,
2311 1969 2532 2044 feriae,
2578 1991 2700 2049 sup·

412 2053 667 2132 plicatio,
706 2070 889 2127 aeque
919 2046 1161 2126 simplici
1189 2045 1233 2109 ἶ
1257 2055 1349 2108 est
1389 2051 1775 2124 scribendum,
1818 2055 1879 2108 et
1912 2050 1996 2108 sic
2032 2051 2293 2110 scribitur
2334 2054 2509 2131 apud
2538 2055 2699 2132 Poly-

414 2137 588 2196 bium.
607 2167 695 2182 -ο-
733 2134 817 2192 Ac
856 2133 1208 2204 δαίνυσθαι,
1245 2151 1587 2210 quamquam
1618 2134 1833 2193 nostris
1865 2135 1923 2192 in
1960 2133 2379 2212 exemplaribus
2417 2147 2596 2200 recte
2630 2141 2699 2198 sic

415 2222 684 2298 scriptum
705 2219 916 2292 editur,
956 2215 1004 2276 Ι.
1043 2220 1171 2278 211.
1211 2213 1284 2276 II.
1303 2223 1427 2279 100.
1469 2217 1571 2276 111.
1594 2223 1677 2278 18.
1700 2217 1800 2282 lx.
1823 2223 1937 2294 160,
1975 2224 2163 2278 tamen
2194 2217 2239 2278 I.
2278 2227 2411 2297 211,
2466 2233 2539 2284 ut
2560 2224 2702 2302 apud

412 2305 758 2382 Hesychium
794 2322 845 2361 s.
882 2320 958 2375 ι,
999 2297 1356 2363 ἐδαίννυντο
1398 2304 1457 2360 in
1492 2304 1621 2365 cod.
1666 2297 1743 2360 K.
1792 2308 1884 2362 est
1922 2311 2237 2380 repertum,
2271 2307 2489 2384 procul
2538 2310 2701 2368 dubio

412 2387 821 2468 rejiciendum3
859 2385 994 2444 vide
1037 2383 1184 2444 enim
1227 2383 1425 2446 Herm.
1456 2385 1653 2450 Praei.
1692 2389 1765 2446 ad
1808 2384 1988 2464 Sopb.
2026 2387 2217 2464 Antig.
2258 2409 2321 2467 p.
2364 2389 2549 2451 XXII
2586 2413 2701 2470 sqq.

413 2472 582 2554 (edit.
627 2471 785 2550 tert.)
823 2501 910 2514 --
950 2467 1034 2528 Et
1068 2463 1431 2533 ἐντανύουσι
1470 2469 1545 2529 Π.
1588 2475 1692 2531 173
1728 2471 1939 2544 Bekk„
1986 2471 2066 2529 al.
2109 2479 2263 2532 recte
2300 2492 2467 2534 nuuc
2510 2480 2703 2538 edide-

412 2563 579 2633 runt,
641 2577 812 2634 quum
869 2553 1040 2629 vulgo
1093 2554 1240 2614 male
1303 2549 1709 2619 ἐντᾰννυουσι
1780 2555 2165 2628 scriberetur3
2224 2555 2361 2618 vide
2414 2559 2586 2625 Lob.
2640 2563 2703 2622 ad

411 2642 628 2700 Buttm.
670 2661 760 2720 gr.
802 2660 893 2719 gr.
937 2639 1016 2714 ΙΙ,
1060 2659 1119 2716 p·
1164 2643 1234 2698 67
1273 2659 1403 2717 sqq.
1488 2637 1825 2716 Eodemque
1868 2639 2043 2699 modo
2091 2639 2411 2700 Atticorum
2463 2666 2701 2705 consue·

413 2725 600 2783 tudini
639 2725 876 2801 propius
919 2713 1334 2784 α’ποτίνυσθαι
1367 2723 1468 2782 v1.
1520 2729 1589 2783 65
1646 2725 2005 2783 scribendum
2048 2743 2179 2784 esse
2226 2725 2515 2804 arbitror,
2564 2724 2699 2793 ἐπο-

413 2802 729 2885 τινύμενοι
769 2804 866 2866 VI.
907 2811 1032 2865 101.
1088 2806 1377 2869 τίνυσθαι
1435 2809 1507 2868 V.
1552 2811 1621 2868 77
1672 2824 1799 2867 cum
1830 2809 2000 2868 codd.
2040 2807 2120 2867 K.
2161 2807 2230 2867 F.
2272 2827 2329 2869 a.
2390 2811 2478 2875 cf.
2522 2815 2698 2875 Beki.

416 2892 637 2950 Anecd.
677 2910 737 2968 p.
759 2893 851 2950 29.
897 2881 1300 2951 ἀποκτεινύναι
1335 2886 1427 2953 δι’
1470 2890 1610 2966 ἑνός
1648 2891 1721 2953 ἶ·
1768 2893 1835 2954 οἰ
1870 2887 1939 2955 δὲ
1978 2888 2083 2955 διά
2135 2893 2310 2956 δυοῖν
2350 2893 2699 2977 γράφοντες

415 2966 850 3054 ἁμαρτάνουσι.
895 2971 972 3030 Et
1012 2973 1098 3032 sic
1133 2973 1421 3040 τίνυσθαι
1460 2981 1761 3053 praeterea
1804 2977 2046 3038 Hesiod.
2090 2977 2247 3056 Opp.
2286 2997 2380 3042 vs.
2430 2985 2549 3046 711
2591 3004 2700 3043 cum

414 3060 705 3140 Interppr.
749 3061 810 3118 et
833 3056 990 3134 apud
1009 3055 1184 3122 Hom.
1204 3091 1290 3104 -—-
1330 3059 1604 3120 Similiter
1624 3053 1828 3139 ἕρινύς
1842 3061 2087 3140 simplici
2114 3062 2167 3128 ’ὅ
2200 3063 2443 3130 Hesiod.
2478 3067 2701 3144 Theog.

415 3147 520 3204 472
555 3162 683 3202 cnm
721 3140 1006 3219 Interppr.
1026 3169 1115 3185 -—-

585 3225 679 3291 De
737 3226 965 3286 nomine
1026 3226 1332 3306 πλημυρίς
1391 3227 1697 3288 scribendo
1761 3227 2015 3288 bifariam
2072 3230 2407 3291 dividuntur
2456 3236 2702 3296 virorum

415 3314 718 3374 doctorum
759 3309 1111 3384 sententiae,
1154 3326 1390 3386 qnorum
1434 3311 1561 3387 alii,
1600 3331 1673 3374 ex
1710 3307 1871 3393 πλήν
1915 3320 1977 3374 et
2014 3307 2191 3395 μύρα)
2228 3313 2371 3376 illud
2412 3322 2702 3400 composi·

411 3402 537 3456 tum
577 3415 708 3458 esse
743 3395 878 3470 rati,
933 3409 1044 3471 pro
1085 3393 1432 3474 duplicando
1482 3394 1547 3476 ᾗ,
1586 3390 1965 3480 πλημμυρὶς,
2009 3405 2291 3478 pugnant,
2326 3400 2429 3460 aiii
2474 3407 2703 3465 omnino

414 3478 892 3558 compositionem
931 3477 1102 3538 ullam
1149 3478 1390 3540 subesse
1419 3488 1721 3573 -negantes
1733 3519 1754 3558 ‚
1816 3483 1922 3542 sed
1982 3501 2054 3542 ex
2102 3480 2313 3563 πλήμη
2356 3489 2705 3563 productum
2778 3535 2780 3544 .

415 3582 548 3624 esse
562 3601 583 3638 ,
617 3562 954 3639 scripturam
994 3581 1100 3641 per
1141 3564 1380 3644 simplex
1416 3593 1459 3642 μ
1512 3567 1865 3628 verissimam
1906 3567 2143 3627 ducunt.
2200 3567 2395 3628 Etiam
2436 3571 2701 3636 Emtae.

417 3649 494 3708 ad
529 3646 703 3708 Hom.
742 3644 858 3704 Od.
904 3641 954 3708 ι’
995 3666 1080 3708 vs.
1120 3653 1228 3710 486
1287 3644 1354 3711 τὸ
1401 3646 1469 3710 δὲ
1510 3650 1812 3733 πλημυρὶς
1850 3645 2011 3726 τινὲς
2048 3655 2168 3713 τῶν
2222 3657 2513 3720 παλαιῶν
2535 3681 2703 3740 ,προ-

415 3726 834 3813 παροξόνουσι
879 3729 983 3794 καὶ
1027 3727 1116 3797 δι’
1161 3727 1296 3806 ἑνὸς
1358 3729 1428 3796 δὲ
1488 3731 1541 3814 ἶ
1592 3731 1935 3818 γράφουσι,
1998 3733 2083 3810 ὥς
2115 3728 2247 3800 duo*
2280 3741 2394 3818 τῆς
2436 3740 2699 3822 πλήμης.

555 3894 616 3958 *)
651 3893 740 3948 Cf.
783 3893 1098 3966 Bernhardy
1137 3897 1204 3952 ad
1239 3896 1465 3966 Dionys.
1498 3899 1712 3970 Per-ing.
1746 3918 1801 3972 p.
1835 3900 1960 3959 9⁷3.
2010 3902 2253 3972 Etymol.
2288 3903 2444 3974 Mag.
2482 3922 2533 3962 s.
2570 3926 2625 3963 v.
2644 3935 2703 3948 -

412 3961 692 4016 Blomfield
744 3961 928 4020 Gloss.
981 3963 1175 4017 Aescb.
1209 3963 1477 4022 Prometb.
1512 3967 1598 4022 53.
1632 3996 1705 4008 —
1774 3967 1950 4040 Apoll.
2002 3969 2179 4026 Rhod.
2224 3969 2272 4040 1,
2322 3989 2408 4026 vs.
2464 3973 2595 4030 589.
2640 4005 2699 4016 -

415 4031 648 4084 Boeckh.
683 4029 842 4083 Pind.
863 4031 1020 4084 Nem.
1050 4028 1117 4096 V,
1159 4033 1211 4084 l.
1247 4026 1586 4094 ἐλινύσοντα.
1624 4035 1889 4110 Inter-ppt.
1926 4039 1993 4092 ad
2028 4041 2199 4110 Greg.
2236 4041 2361 4093 Cor.
2397 4042 2455 4094 d.
2500 4043 2558 4099 d.
2590 4047 2697 4100 Ion.

414 4117 468 4168 p.
506 4099 651 4164 502,
683 4099 751 4150 ad
787 4098 941 4152 Suid.
975 4114 1024 4149 s.
1058 4115 1114 4152 r.
1153 4093 1408 4155 ἐλινύειν.
1445 4133 1517 4143 -
1574 4105 1879 4163 callimach.
1916 4107 2041 4162 Cer.
2082 4107 2171 4166 48,
2220 4110 2501 4178 Aristopli.
2560 4115 2695 4168 The-

415 4165 614 4234 smopb.
665 4165 864 4222 ”598
887 4159 1020 4219 ἄλλ’
1057 4156 1104 4218 ὅ
1136 4172 1394 4234 γυναῖκες
1428 4167 1545 4225 οὐκ·
1568 4165 1805 4227 ἐλινύειν
1838 4169 2029 4245 ἐχρῆν.
