2784 4567
376 145 509 210 2⁹0
993 141 1087 204 De
1126 139 1375 204 dialecto
1417 139 1764 202 Herodoto:
1801 137 1902 200 lib.
1945 138 2038 197 lv.

376 320 605 394 quetur.
666 341 743 358 -··
801 311 987 371 Porro
1032 303 1341 388 δδυνόμην
1382 307 1566 366 babes
1605 308 1684 371 11.
1712 311 1803 368 29.
1887 301 2144 370 ἐδύνατο
2184 304 2232 362 1.
2275 307 2374 366 26.
2439 306 2574 362 185.
2619 302 2686 363 Π.

378 407 433 460 2.
476 397 585 460 111.
630 401 755 458 131.
798 402 921 460 152.
978 394 1111 458 VII.
1154 399 1279 454 134.
1336 392 1442 452 lx.
1486 397 1610 452 1⁰8.
1695 389 1984 454 ἐδυνέατο
2035 390 2166 449 VII.
2207 394 2340 448 211.
2407 387 2520 446 lv.
2569 393 2684 447 114.

380 477 737 558 δδυνᾶσθην
788 480 865 542 11.
932 482 1019 540 1⁹.
1068 481 1157 538 43.
1204 482 1327 538 140·
1412 477 1677 536 Variatur
1721 483 1910 534 autem
1957 475 2006 533 1.
2046 481 2118 534 10
2165 468 2440 536 ἐδύνατο
2487 471 2679 533 Bekk.

380 567 459 626 al.
500 583 629 624 cum
668 564 845 626 codd.
892 562 966 626 F.
1000 581 1055 624 a.
1088 581 1141 620 c.
1199 555 1472 640 ἠδύνατο
1511 561 1644 618 Gsf.
1737 559 1828 620 lv,
1869 567 1976 620 110
2015 555 2308 622 ἐδυνέατο
2353 556 2568 613 Bekk.
2609 555 2677 618 al,

380 643 683 730 ἠδυνέατο
722 647 859 709 sz.
892 647 969 709 ιι.
1010 665 1136 706 um
1172 646 1257 704 u.
1298 647 1363 705 s.
1405 647 1476 704 Δ.
1519 644 1592 703 v.
1629 646 1698 702 Β.
1763 637 2098 722 dammim
2135 641 2272 700 Am.
2311 641 2394 702 al.
2443 671 2542 684 —-
2587 645 2678 698 185

384 731 670 800 ἐδυνέατο
710 731 899 792 Beu.
944 730 1019 790 al.
1088 724 1393 806 ἠδυνέατο
1437 729 1568 788 Gaf-
1624 729 1700 790 al.
1753 729 1904 788 male
1953 747 2080 786 cum
2105 727 2205 790 M.
2250 724 2324 784 P.
2373 724 2461 785 K.
2512 724 2584 782 F.
2625 724 2680 778 S.

388 821 465 884 V.
508 817 695 880 Paris.
772 807 1108 893 ἦδυναίατο
1166 813 1302 872 Ald.
1358 815 1434 872 al.
1523 813 1617 873 lx,
1661 816 1734 872 70
1775 810 2057 874 ἐδυνέατο
2097 809 2292 870 Bekk.
2369 801 2678 884 ἠδυνέατο

390 903 539 962 male
578 899 869 976 111135-
924 904 1031 958 103
1082 897 1363 962 ἐδυνέατο
1405 898 1594 958 Bekk.
1635 897 1714 956 al.
1767 889 2081 976 ἠδυνέατο
2107 897 2171 956 S.
2215 893 2294 952 V·
2385 891 2544 950 VII·
2586 896 2678 950 ΙΝ

388 981 829 1062 ἐδυνάσθησαν
870 1002 1020 1042 nunc
1060 983 1215 1058 vulg.
1258 1001 1383 1040 cum
1428 981 1496 1042 P.
1532 982 1606 1042 V.
1652 981 1730 1041 K.
1768 983 1836 1039 F.
1899 973 2357 1058 ἦδυνᾶσθησαν
2401 977 2482 1034 S·
2549 975 2678 1038 ἔδυ·

390 1065 681 1148 νήθησαν
730 1068 867 1126 olim
908 1066 1159 1142 vulgat,
1208 1067 1313 1124 sed
1362 1067 1692 1125 Herodotus
1735 1084 2022 1144 nunquam
2063 1063 2173 1123 bac
2213 1062 2458 1137 vulgari
2503 1061 2679 1117 forma

394 1173 533 1214 usus
573 1159 665 1210 est
686 1191 705 1224 ,
752 1152 857 1208 sed
900 1155 1232 1208 constanter
1274 1151 1666 1227 δυνασθῆναι
1717 1150 1790 1208 cf.
1834 1155 2066 1227 praeter
2103 1148 2268 1205 locos
2308 1146 2442 1222 jam
2489 1144 2680 1202 lauda-

393 1244 491 1295 tos
546 1242 608 1294 et
646 1232 725 1292 11.
781 1239 905 1291 110.
966 1233 1139 1292 Hom.
1181 1233 1251 1292 11.
1292 1228 1363 1310 ψ’
1406 1238 1530 1292 465.
1587 1235 1707 1295 Od.
1763 1228 1806 1296 ε’
1863 1237 1996 1294 319.
2051 1229 2318 1310 Euripid.
2364 1231 2510 1293 Ion.
2571 1233 2678 1294 ὣ,

396 1339 469 1380 ac
508 1317 741 1394 saepius
782 1316 841 1371 in
870 1315 1135 1392 Xenoph.
1178 1318 1434 1394 scriptis,
1472 1317 1604 1376 vide
1646 1318 1816 1376 Indd.
1879 1347 1965 1360 —-
2049 1317 2185 1387 Qua
2224 1331 2358 1374 cum
2401 1312 2678 1390 singulari

396 1405 583 1462 forma
623 1406 739 1458 tan
792 1403 951 1458 arcte
996 1399 1237 1478 simplex
1274 1399 1416 1458 illud
1457 1400 1490 1462 ἐ’
1527 1402 1904 1478 praemissum
1945 1401 2313 1476 conjunctum
2357 1399 2560 1456 fuisse
2603 1396 2678 1452 vi-

396 1489 601 1559 detur,
656 1490 722 1542 ut
759 1481 1203 1542 Hellenistarum
1238 1483 1466 1542 demum
1505 1483 1742 1544 arbitrio
1783 1503 1853 1544 ac
1893 1485 2120 1542 lieentia
2174 1484 2400 1541 factum
2459 1483 2578 1556 sit,
2623 1485 2678 1540 nt

398 1564 777 1650 ἢδυνᾶσθην
812 1572 1133 1642 emergeret
1170 1567 1247 1625 cf.
1288 1566 1503 1632 Psalm.
1543 1573 1652 1644 40,
1693 1576 1780 1629 12.
1833 1568 2014 1632 Marc.
2059 1571 2126 1641 7,
2165 1571 2240 1627 24
2285 1573 2351 1625 et
2393 1565 2562 1624 alibi.
2601 1597 2678 1608 -—

398 1655 521 1718 Sed
554 1653 711 1732 apud
760 1650 1121 1710 Herodotum
1162 1669 1333 1710 nemo
1378 1652 1542 1711 facile
1581 1653 1866 1712 dubitabit
1903 1653 1974 1710 iis
2016 1651 2292 1710 adsentiri
2337 1649 2680 1722 editoriboe,

400 1741 499 1817 qui
540 1757 611 1798 ex
650 1736 919 1813 analogia
954 1735 1313 1812 superiorum
1354 1743 1417 1795 et
1457 1754 1527 1794 ex
1567 1739 1906 1796 auctoritate
1943 1735 2294 1815 quorundam
2325 1735 2518 1794 codd.
2547 1735 2680 1793 Mss-

404 1829 465 1882 et
506 1816 859 1898 δδυνάσθην
901 1825 964 1878 et
1003 1811 1279 1893 ἔδῦνατο,
1308 1818 1596 1883 ἐδυνέατο
1627 1826 1929 1879 servarunt
1953 1821 2476 1896 restitueruntque.
2547 1817 2682 1877 Ubi-

402 1925 517 1982 que
560 1906 734 1982 igitur
773 1906 882 1962 ista
923 1901 1035 1960 tria
1072 1905 1249 1962 verba
1285 1904 1559 1981 syllabico
1599 1911 1821 1964 tantum
1867 1911 2172 1981 augmento
2215 1903 2380 1982 apud
2421 1909 2683 1962 nostru·

404 1989 743 2048 instruendn
778 1991 929 2050 sunt.
1666 2023 1674 2028 -
2631 1999 2638 2005 '

577 2071 961 2146 Augmentum
999 2074 1190 2133 autem
1232 2070 1551 2148 temporale
1593 2090 1736 2148 quas
1778 2072 1940 2148 leges
1983 2073 2142 2151 apud
2176 2071 2560 2136 Herodotum
2597 2089 2686 2128 se-

406 2159 601 2214 cutum
640 2154 739 2225 sit,
780 2152 987 2228 quibus
1023 2154 1081 2209 in
1124 2153 1324 2212 formis
1362 2155 1668 2216 verborum
1707 2154 1802 2214 ille
1843 2156 2000 2217 istud
2032 2157 2360 2232 admiserit,
2407 2156 2516 2214 ubi
2555 2173 2684 2226 non,

392 2255 532 2302 ,non
604 2234 770 2294 facile
832 2234 1148 2310 dijudicata
1205 2256 1336 2294 esse
1391 2240 1649 2314 videtur,
1703 2243 1888 2316 [quum
1945 2258 2063 2304 non
2117 2241 2300 2300 solum
2363 2241 2556 2300 multa
2609 2239 2690 2296 in-

409 2319 635 2382 terdum
678 2319 995 2396 scripturae
1034 2319 1319 2396 varietas,
1354 2324 1460 2380 sed
1503 2322 1672 2382 etiam
1707 2326 1988 2402 quaedam
2029 2326 2088 2382 in
2118 2331 2424 2402 utramque
2462 2331 2684 2402 partem

393 2405 732 2469 «constantia
772 2402 1045 2464 librorum
1088 2412 1303 2465 certam
1345 2407 1516 2466 nobis
1556 2409 1704 2466 viam
1742 2410 1818 2468 nd
1858 2411 2161 2487 genuinam
2204 2410 2557 2484 scripturam
2597 2427 2684 2464 re-

411 2488 759 2550 stituendam
796 2489 1174 2566 praeclusisse
1217 2491 1517 2562 videntum
1551 2511 1737 2568 neque
1779 2494 1928 2554 idem
1971 2494 2186 2552 nostris
2227 2493 2387 2569 quod
2429 2493 2686 2558 Graeco·

412 2595 540 2633 rum
586 2580 761 2652 atque
802 2573 1002 2632 Ionum
1040 2575 1273 2634 auribus
1312 2573 1574 2651 placeat,
1615 2595 1803 2654 neque
1845 2579 2015 2638 etiam
2050 2577 2339 2654 epicorum
2383 2584 2683 2654 poetarum

414 2679 581 2718 usum
627 2657 733 2716 hac
771 2659 827 2716 in
873 2677 935 2714 re
980 2659 1183 2718 ducem
1222 2659 1383 2735 sequi
1436 2661 1736 2737 possimus.
1823 2662 1892 2719 In
1935 2662 2256 2720 uuiversum
2296 2661 2538 2738 quidem
2573 2662 2682 2737 jam

416 2761 593 2820 supra
630 2742 847 2815 monui,
887 2760 1017 2800 esse
1057 2745 1338 2819 quaedam
1378 2742 1574 2818 verbu,
1621 2763 1656 2802 a
1695 2744 1986 2806 vocalibus
2018 2745 2254 2804 Ionibus
2295 2746 2560 2822 propriis
2599 2745 2682 2800 in-

414 2826 585 2882 ducta
599 2860 629 2910 ,¹
663 2842 811 2901 quae
853 2843 1137 2902 nunquam
1181 2828 1448 2904 augendo
1493 2827 1638 2890 hanc
1679 2847 1838 2888 suam
1869 2829 2121 2890 vocalem
2162 2836 2418 2888 mutasse
2455 2835 2682 2888 consta·

414 2914 537 2976 τοῖς
592 2907 697 2964 sed
746 2914 933 2966 uti-iun
991 2911 1233 2969 eandem
1272 2911 1560 2971 licentiam
1603 2914 1774 2972 etiam
1818 2915 1878 2972 in
1920 2914 2046 2972 aliis
2085 2913 2272 2972 verbis
2321 2913 2420 2971 vel
2475 2913 2680 2990 ubique

413 2989 506 3046 vel
559 2989 617 3046 in
674 2989 1011 3064 quibusdam
1064 2999 1286 3052 tantum
1336 3015 1532 3054 eorum
1586 2998 1937 3075 temporibus
1974 2998 2272 3056 Herodoto
2327 3017 2514 3076 prosa
2553 3015 2680 3056 ora-

415 3073 573 3154 tione
616 3090 720 3130 uso
764 3090 1096 3136 concessam
1140 3095 1269 3135 esse
1324 3080 1485 3138 dicas
1505 3119 1526 3156 ‚
1583 3100 1658 3140 an
1713 3083 1834 3158 ejus
1879 3082 2142 3142 librarios
2181 3081 2334 3140 illam
2377 3082 2488 3139 sibi
2535 3100 2676 3140 sum-

414 3155 584 3232 sisse,
628 3175 742 3234 quo
783 3157 963 3234 magis
1004 3159 1260 3220 Ionicum
1308 3165 1622 3222 redderent
1670 3168 1982 3226 orationem
2002 3208 2023 3244 ‚
2065 3167 2124 3224 id
2166 3165 2416 3224 dubitari
2457 3169 2674 3242 potest3

416 3261 757 3320 quamquam
798 3243 1083 3302 nonnullis
1128 3247 1357 3323 quidem
1393 3250 1450 3306 iu
1493 3249 1636 3308 locis
1681 3269 1799 3309 non
1840 3252 1941 3309 diu
1973 3250 2144 3309 nobis
2170 3250 2524 3310 haerendum
2553 3250 2678 3322 erit,

411 3329 755 3405 praesertim
806 3347 985 3406 quum
1034 3332 1192 3408 apud
1237 3329 1381 3390 alios
1422 3332 1650 3392 Ionicos
1707 3337 2018 3414 scriptores
2065 3340 2286 3394 tantum
2326 3325 2450 3394 non
2489 3333 2681 3392 omnia

416 3411 693 3484 ejusmodi
726 3411 900 3470 verba
940 3421 1247 3489 augmento
1283 3417 1560 3476 instructa
1603 3419 1920 3495 videamuS,
1964 3425 2024 3477 et
2054 3418 2359 3478 Herodoto
2402 3418 2508 3496 ipsi
2549 3435 2680 3474 cum

416 3494 701 3556 veteribus
758 3495 964 3553 Atticis
1026 3499 1448 3560 similitudinem
1499 3504 1787 3578 quandam
1853 3504 2052 3564 fuisse.
2149 3503 2270 3562 Sed
2328 3520 2498 3581 quum
2552 3519 2678 3559 rem

415 3574 599 3650 ipsam
642 3584 702 3634 et
738 3578 997 3655 exempla
1036 3581 1112 3638 ob
1155 3584 1349 3644 oculos
1387 3586 1526 3662 poni
1570 3605 1716 3663 opus
1757 3588 1872 3664 sit,
1909 3588 2202 3646 ordiamur
2240 3587 2314 3647 ab
2355 3586 2428 3644 iis
2465 3585 2676 3660 verbis,

414 3675 565 3732 quae
600 3658 672 3715 ab
716 3662 788 3734 ἆ,
846 3667 909 3719 ut
950 3662 1037 3722 ita
1071 3667 1291 3744 dicam,
1348 3669 1545 3727 lonico
1580 3668 1848 3750 inducta,
1904 3672 2049 3730 hanc
2106 3671 2360 3730 vocalem
2400 3687 2674 3747 nusquam

412 3747 657 3802 mutant.
742 3743 1087 3822 Huiusmodi
1132 3760 1221 3809 est
1260 3750 1494 3811 verbum
1543 3747 1898 3834 ἀρρωδέειν,
1960 3757 2117 3833 cujus
2159 3755 2552 3833 imperfectum
2590 3761 2676 3813 est

414 3825 486 3886 V.
535 3832 605 3887 35
659 3821 947 3910 ἅρρῶδεε.
1035 3833 1184 3894 VIII.
1228 3839 1299 3898 70
1350 3826 1668 3918 ἆρρώδεον
1717 3842 1800 3904 id.
1841 3845 1928 3902 74.
2012 3840 2108 3900 lx.
2149 3827 2222 3900 '46
2263 3833 2672 3920 ἀρρωδέομεν.

412 3912 628 3970 on-ist.
673 3911 775 3972 VI.
803 3918 839 3973 9
878 3915 1371 3998 καταρρώδησαν.
1460 3922 1614 3983 Pers.
1659 3923 1762 3989 III.
1794 3929 1896 3984 145
1938 3919 2441 4003 καταρρώδηκας.
2507 3922 2674 3986 'VIIL

414 3997 481 4052 75
510 3994 1054 4079 ’καταρρωδηκότες
1095 4004 1171 4060 id.
1217 4010 1338 4067 132.
1389 4004 1490 4062 ΪΧ.
1533 4011 1570 4064 8
1613 4013 1672 4064 et
1713 4005 1845 4070 vn.
1891 4011 2010 4068 178.
2099 4001 2536 4088 autumationum
2575 4007 2670 4066 IX·

408 4079 513 4172 45..
580 4078 777 4158 Plusq.
816 4083 1275 4164 καταρρωδήκεε
1307 4085 1462 4146 VIII.
1493 4093 1614 4146 103.
1702 4089 1924 4158 Quibus
1964 4092 2224 4155 omnibus
2257 4095 2319 4152 in
2351 4093 2496 4154 locis
2529 4093 2676 4152 nulla

404 4165 721 4233 scripturae
776 4168 1028 4227 varietas
1081 4175 1311 4227 enotata
1366 4176 1473 4226 est.
1547 4201 1636 4216 --
1706 4171 1986 4248 Ejusdem
2028 4178 2258 4254 generis
2286 4183 2398 4236 -est
2444 4177 2672 4239 verbum
