2784 4567
780 137 873 210 ue
916 138 1163 198 dialecto
1192 135 1534 198 Herodoten
1575 137 1674 201 lib.
1709 139 1816 203 111.
2313 137 2444 203 245

140 309 239 364 66
286 296 517 367 αὐτέων
544 296 1010 409 ἀπολομένοισι.
1076 341 1165 354 —-
1230 311 1325 381 68,
1359 313 1395 366 2
1437 303 1580 380 τούς
1613 306 1855 371 ἐκεῖθεν
1887 301 2137 370 αυτέων
2203 318 2296 356 ·-
2363 315 2435 371 74

138 381 403 451 αὐτέων
442 382 604 469 civim
650 382 833 469 ἇνδρέ
882 400 941 450 et
984 390 1121 472 περὶ
1177 415 1298 454 των
1340 385 1599 454 αυτέων.
1671 425 1759 438 -—-
1825 397 1895 451 85
1937 385 2168 456 αυτέων
2211 387 2428 476 σ’λίγοι.

142 506 243 516 —-
292 480 399 532 1⁰2
438 474 577 551 περὶ
611 473 823 552 σφέων
864 468 1119 536 αὐτέων.
1192 507 1267 520 --
1335 479 1442 535 109
1483 475 1692 554 σφέων
1743 467 1974 538 αὐτέων
2018 483 2075 535 et
2115 471 2318 556 ἡμέων
2360 503 2428 542 τε

135 551 413 620 αυτέων.
460 589 541 604 ·-·-
586 565 689 618 112
730 555 832 620 δια
879 584 1003 622 των
1048 552 1274 622 αὐτέων
1316 553 1606 664 ἆῖγέλων.
1643 593 1728 604 -·
1772 567 1878 620 115
1919 583 2068 632 τους
2101 559 2168 624 δὲ
2207 595 2276 606 —-
2315 558 2427 624 αὐ-

132 639 326 704 τέων.
370 675 450 686 -—
516 646 621 701 116
655 663 772 748 ¹pro
820 645 974 719 vulg.
1014 664 1139 702 cum
1182 645 1247 707 S.
1294 643 1530 707 αυτέων
1573 669 1606 708 ο
1651 641 1880 726 πατήρ,
1941 636 2152 708 αὐτων
2187 665 2314 704 cum
2353 647 2425 711 F.

132 758 239 770 ——-
284 733 387 785 121
436 745 544 804 pro
589 727 821 788 αυτὲων
868 725 983 806 τήν
1022 722 1223 833 χώρην
1265 729 1420 788 uuila
1459 730 1739 787 'varietate
1784 735 2018 789 enotata
2063 723 2268 791 αὐτῶν
2309 753 2426 810 την

129 833 195 891 χ.
266 841 359 859 -··-
416 815 521 869 128
562 831 669 887 pro
712 805 931 884 πάντες
968 807 1202 874 αὐτέων
1242 806 1406 889 (αὐτ.
1449 815 1618 872 omis,
1629 813 1718 870 S.
1755 811 2020 891 V..——)
2069 817 2173 873 129
2214 833 2321 892 pro
2366 815 2433 876 οἱ

129 833 265 998 μὲν
309 887 385 974 δη
430 887 679 957 αὐτέων.
728 930 811 942 -
878 902 980 956 135
1018 918 1127 975 pro
1146 890 1325 1001 παρ’
1371 890 1620 959 αὐτέων.
1686 931 1774 942 --
1836 901 1940 958 137
1981 918 2089 976 pro
2125 893 2425 971 νεώτατος

132 971 410 1041 αὐτέων.
455 1011 545 1022 -·
626 979 725 1037 lx.
767 986 834 1039 15
874 1000 982 1058 pro
1026 975 1164 1043 κατ’
1202 982 1381 1061 ἔχθος
1423 975 1677 1044 αὐτέων.
1718 1015 1804 1027 —
1847 985 1916 1042 17
1945 1001 2052 1060 pro
2095 983 2252 1059 vulg.
2294 991 2423 1041 cu'm

130 1065 209 1122 S.
255 1055 491 1124 αὐτέων
534 1054 791 1126 ὅιτλῖται.
849 1063 995 1126 Ibid.
1035 1084 1140 1166 pro
1181 1065 1334 1142 vulg.
1379 1067 1442 1128 δι
1504 1060 1740 1133 αὐτέων
1779 1064 2038 1142 φωκέων
2075 1073 2148 1125 et
2175 1066 2422 1145 μαθέτω

133 1169 237 1220 τις
276 1138 531 1210 αὐτέων.
590 1179 679 1194 --
750 1152 817 1208 18
854 1168 981 1226 pro
1004 1139 1239 1211 αὐτέων
1268 1155 1646 1256 πειρηθῆναι
1665 1145 1967 1250 ἠθέλησε.
2041 1183 2125 1194 ——
2195 1157 2267 1210 26
2310 1170 2420 1239 pro

134 1230 377 1335 σφέων
406 1223 659 1294 αὐτέων.
704 1263 791 1278 --
836 1237 907 1290 28
946 1253 1053 1311 pro
1098 1229 1452 1314 ἐστρατήγεε
1493 1229 1556 1296 δ’
1597 1226 1850 1299 αὐτέων.
1896 1267 1980 1278 --
2028 1239 2097 1293 31
2141 1225 2288 1295 ἄλλό
2333 1257 2420 1296 τι·

134 1339 250 1390 νες
295 1309 547 1379 αὐτέων
591 1347 678 1360 -
734 1319 805 1375 39
842 1335 947 1395 pro
992 1317 1144 1394 vuig.
1188 1319 1259 1381 ui
1303 1314 1484 1379 λοιπα
1531 1313 1794 1392 αὐτέων,
1831 1313 2034 1382 αὐταῖν
2077 1337 2204 1378 cum
2247 1319 2415 1381 Suid.

106 1420 191 1464 -ε,
236 1419 299 1459 v.
333 1397 509 1480 αδην.
550 1431 639 1446 --
671 1405 741 1459 46
782 1419 888 1478 pro
931 1396 1045 1478 τήν
1063 1396 1275 1506 μάχην
1317 1392 1588 1466 αὐτέων.
1613 1437 1702 1450 -·--
1741 1410 1810 1462 55
1842 1423 1951 1481 pro
1992 1395 2226 1474 αὐτέων
2269 1398 2418 1476 τούς

68 1495 81 1506 ”
130 1505 450 1565 πρωτους.
491 1517 579 1530 -
616 1487 687 1543 67
723 1503 832 1562 pro
870 1481 1203 1588 τριηκόσιοι
1248 1481 1496 1549 αὐτέων
1539 1519 1626 1534 --
1677 1489 1750 1547 69
1785 1507 1896 1565 pro
1939 1479 2172 1549 αὐτέων
2212 1485 2414 1562 έξακο-

133 1572 350 1642 οἵους.
396 1601 485 1613 -
538 1572 609 1628 70
648 1586 757 1646 pro
799 1589 891 1640 τις
930 1562 1183 1632 αὐτέων.
1242 1605 1317 1614 ——
1385 1575 1452 1630 71
1496 1591 1604 1648 pro
1651 1566 1719 1643 ὅς
1765 1605 1834 1614 -
1889 1563 2143 1631 αὐτέων.
2197 1603 2286 1615 -·
2346 1575 2416 1630 ⁷2

132 1673 253 1730 pro
298 1647 532 1717 αὐτέων
567 1653 1082 1758 Λακεδαιμονίων.
1124 1685 1215 1699 --
1247 1659 1324 1713 80
1360 1674 1469 1732 pro
1513 1654 1664 1731 vulg.
1705 1653 1920 1727 (Bekk.
1949 1653 2138 1711 Gaisf.
2176 1653 2253 1712 al.
2289 1673 2418 1711 cum

131 1732 431 1843 codd-⁶⁹)
397 1761 515 1800 οσα
549 1732 813 1804 αὐτέων,
860 1728 1067 1799 αὐταῖν
1102 1737 1309 1800 Matth.
1356 1739 1559 1814 Apetz.
1599 1769 1686 1781 -
1724 1743 1793 1796 81
1832 1740 1988 1798 τοῖσι
2031 1731 2419 1817 vincentianos

132 1816 384 1884 αὐτέων
414 1822 603 1880 Gaisf.
636 1820 825 1878 Bekk.
861 1827 918 1880 et
960 1823 1110 1898 vulg.
1154 1841 1281 1880 cum
1314 1823 1487 1880 codd.
1546 1813 1752 1882 αὐταῖν
1790 1826 1948 1878 recte
1975 1820 2178 1879 matth.
2209 1823 2415 1898 Apetz.

130 1939 227 1950 —
268 1911 345 1966 84
388 1926 551 1978 οστις
594 1897 821 1967 αὐτέων
863 1905 1017 1982 vulg.
1062 1925 1187 1964 cum
1224 1907 1295 1965 F.
1358 1899 1563 1967 αὐτων
1608 1905 1792 1964 Gaisf.
1829 1903 1899 1961 al.
1946 1925 2073 1963 cum
2114 1906 2178 1965 S.
2220 1939 2306 1950 -—-
2343 1911 2416 1964 86

133 1983 381 2053 αὐτέων
422 1987 569 2064 τούς
609 1989 979 2094 μηδίσαντας
1011 1996 1069 2050 et
1111 1991 1178 2054 έν
1222 1986 1518 2069 πρώτοισι
1563 1989 1630 2053 δέ
1665 1985 1900 2052 αὐτέων
1933 1995 1993 2048 et
2035 1985 2173 2093 τήν
2190 2011 2254 2052 τε
2295 1993 2414 2070 γῆν

132 2070 381 2137 αὐτέων
419 2075 611 2151 vulgo.
674 2068 877 2136 αὐτῶν
930 2073 1141 2152 ubique
1184 2075 1368 2134 Gaisf.
1413 2075 1488 2134 al.
1558 2107 1646 2121 —-
1726 2079 1798 2134 90
1835 2067 1947 2146 τάς·
1989 2095 2054 2138 τε
2100 2068 2215 2156 γὰρ
2273 2073 2415 2147 νέας

133 2153 383 2223 αὐτέων
422 2159 613 2236 vulgo.
670 2153 869 2222 αὐτων
906 2159 1093 2219 Gaias.
1135 2159 1211 2218 al.
1252 2193 1339 2208 ψ-
1378 2163 1449 2220 96
1487 2156 1696 2266 σφέων
1735 2153 1970 2222 αὐτέων
2005 2158 2159 2264 vulg.
2203 2157 2414 2236 σφέων

132 2237 355 2306 αὐτων
396 2241 581 2302 Gaias.
631 2242 730 2303 al.
766 2277 852 2290 -
915 2251 1015 2304 101
1064 2241 1202 2324 περὶ
1244 2242 1454 2322 σφέων
1495 2237 1728 2342 αὐτέων
1770 2245 1922 2346 vulg.
1983 2236 2190 2307 αὐτων
2225 2243 2410 2302 Gaisf.

132 2331 212 2391 al.
262 2358 350 2374 -·
392 2334 497 2388 103
540 2327 605 2390 οἱ
647 2320 781 2404 μετ’
825 2321 1057 2390 αὐτέων
1098 2330 1254 2406 vulg.
1298 2337 1359 2388 et
1403 2307 1652 2390 αὐτέων
1679 2332 1802 2390 ταῖν
1835 2321 2162 2405 Ἑλλήνων,
2204 2324 2412 2390 αὐτων

134 2414 336 2477 Gaius.
380 2412 458 2474 al.
496 2443 586 2454 ———
626 2414 733 2470 119
770 2404 902 2488 μετ’
950 2406 1181 2473 αὐτέων
1227 2413 1388 2486 vulg.
1452 2407 1654 2473 αὐτῶν
1695 2411 1880 2468 Gaisf.
1923 2411 2038 2469 alii.

314 2496 427 2553 His
465 2493 643 2568 igitur
682 2494 741 2550 in
775 2493 915 2552 locis
952 2495 1061 2553 etsi
1101 2499 1232 2553 sunt
1277 2495 1501 2572 plurimi
1543 2495 1640 2552 nbi
1675 2494 1958 2566 variatur,
2001 2500 2193 2552 tamen
2238 2494 2410 2550 codd.

130 2581 258 2658 ipsi
284 2595 425 2635 mse.
466 2577 800 2654 saepissime
842 2575 1149 2654 legitimam
1194 2579 1434 2634 formam
1457 2577 1860 2655 praebuerunt,
1905 2583 1966 2634 ut
2007 2577 2192 2652 magis
2226 2578 2414 2634 nostri

132 2663 288 2722 editi
328 2662 459 2720 libri
504 2659 673 2738 quain
714 2663 1083 2739 manuscripti
1128 2661 1456 2737 corrigendi
1488 2681 1618 2720 esse
1649 2662 1977 2731 videamini-3
2021 2678 2207 2736 neque
2239 2660 2412 2718 ullum

130 2747 277 2806 mihi
340 2745 567 2804 videtur
620 2746 1084 2823 impedimentum
1132 2746 1403 2822 obstare,
1455 2746 1590 2824 quin
1635 2745 1806 2804 etiam
1851 2746 1947 2803 uni
1989 2743 2210 2803 cuidam
2255 2744 2409 2820 loco,

134 2831 407 2889 omnibus
452 2831 508 2888 in
552 2829 899 2889 editionibus
940 2830 1128 2889 adhuc
1169 2831 1446 2888 mendose
1485 2829 1726 2910 scripto,
1769 2828 2006 2890 eandam
2041 2828 2410 2888 adhibeamus

132 2935 251 2974 me·
256 2915 419 2973 {elam
440 2954 460 2989 ‚
544 2915 803 2992 quamvis
858 2913 997 2973 nihil
1046 2915 1341 2974 varietatis
1398 2934 1434 2973 e
1490 2916 1660 2973 codd.
1723 2933 1859 2974 mss.
1927 2915 2258 2974 adnotatum
2313 2915 2411 2972 sit.

136 3001 193 3058 1³
242 3019 387 3057 unus
430 3000 591 3058 locus
630 3005 723 3058 est
763 3000 807 3058 Ι.
849 3004 885 3060 9
928 2998 1022 3058 ubi
1060 3000 1119 3058 in
1161 2999 1249 3058 his
1291 2998 1538 3074 vulgatis
1582 2999 1774 3057 verbis
1817 2993 2178 3078 ἀρρωδέων,
2219 2994 2310 3078 μή
2347 3021 2408 3060 τι

142 3085 207 3147 οἶ
245 3082 309 3158 ἐξ
350 3076 583 3144 αὐτέων
624 3081 863 3165 (neutr.)
906 3081 1145 3166 γένηται
1188 3077 1422 3165 κακόν“,
1463 3076 1707 3147 ἀυτέων
1762 3082 1911 3143 haud
1956 3085 2132 3142 dubie
2177 3084 2236 3142 in
2287 3076 2408 3145 αὐ-

139 3172 264 3229 τῶν
316 3170 649 3226 vertendum
694 3176 801 3228 est.
886 3169 1006 3226 Sed
1050 3168 1335 3246 vulgatum
1378 3147 1612 3231 αὐτέων
1655 3169 1757 3227 IV.
1801 3173 1930 3234 114
1947 3169 2004 3225 in
2047 3167 2136 3224 his
2178 3167 2404 3225 verbis.

142 3253 231 3313 Αἵ
272 3250 336 3313 δὲ
374 3247 424 3328 (’
432 3245 779 3356 Αμᾶζονες)
834 3251 1037 3326 ἔλεξαν
1092 3250 1233 3316 τάδε
1290 3299 1304 3312 .
1345 3303 1360 3316 .
1411 3299 1426 3316 .
1465 3293 1480 3310 .
1526 3293 1542 3310 .
1581 3293 1599 3311 .
1649 3299 1665 3315 .
1716 3249 1818 3314 καὶ
1871 3226 2068 3314 &vitata
2125 3243 2408 3324 έλθόντεζ

144 3335 431 3416 οἰκέωμεν
474 3329 575 3399 ἐπ’
620 3330 825 3416 ημέων
868 3329 1120 3413 αὐτέων,
1162 3355 1276 3395 non
1317 3338 1651 3394 mutandum
1695 3353 1826 3393 esse
1868 3353 2098 3393 censeo.
2186 3335 2404 3403 Quam-

143 3441 313 3496 quam
356 3423 503 3480 enim
540 3428 598 3480 et
634 3421 739 3480 viri
775 3428 833 3480 et
874 3418 1159 3480 foeminae
1202 3420 1391 3478 verbis
1437 3421 1562 3478 istis
1611 3413 1714 3482 ἐπ’
1745 3412 1948 3498 ημέων
1976 3412 2207 3481 αὐτέων
2245 3437 2406 3479 com·

144 3506 598 3580 prebendarum,
644 3512 833 3566 tamen
863 3525 1035 3582 quum
1060 3506 1340 3564 foeminae
1370 3505 1505 3562 sint
1519 3524 1667 3582 quae
1703 3505 2029 3583 loquuntur,
2066 3511 2121 3564 et
2163 3525 2402 3583 quarum

145 3588 201 3646 in
244 3591 539 3649 voluntate
576 3589 668 3648 hic
711 3592 899 3649 omnia
933 3589 1318 3665 vertebantur,
1366 3589 1527 3648 facile
1569 3595 1763 3667 patet,
1807 3590 1903 3666 qui
1947 3589 2154 3648 factum
2197 3591 2295 3667 sit,
2342 3597 2404 3650 ut

146 3671 505 3732 foemininum
558 3693 741 3751 genus
816 3674 1274 3734 antehaberetur.
1368 3674 1542 3744 Quod
1599 3674 1915 3753 exempium
1957 3675 2208 3752 dignum
2267 3675 2403 3733 mihi

146 3775 274 3817 esse
318 3759 577 3836 videtur,
620 3759 779 3835 quod
820 3761 879 3816 in
918 3764 1151 3816 nostros
1194 3760 1594 3835 grammaticos
1635 3757 1812 3818 libros
1847 3759 2172 3860 recipiatur

312 3843 525 3902 Omnia
561 3849 754 3902 autem
792 3841 889 3901 issa
924 3842 1208 3919 exempla,
1268 3842 1362 3901 ubi
1405 3841 1668 3906 τουτέων
1711 3849 1772 3902 et
1814 3834 2043 3906 αὐτέων
2086 3845 2143 3901 in
2188 3860 2404 3917 genere

149 3928 449 3988 masculino
492 3934 553 3985 et
589 3933 833 4005 neutro,
880 3926 973 3986 vel
1014 3925 1281 3986 omnibus
1323 3927 1381 3984 in
1414 3928 1571 3985 libris
1617 3929 1708 3986 vei
1752 3929 1808 3985 in
1855 3928 2071 4004 atiquot
2111 3941 2402 4002 apparue-

150 4019 295 4087 runt,
339 4030 616 4090 perversa
664 4032 815 4086 esse,
852 4018 910 4071 et
956 4013 1013 4070 in
1058 4010 1307 4088 genuina
1346 4005 1577 4073 τούτων
1617 4018 1675 4071 et
1720 4006 1924 4073 αὐταῖν
1961 4008 2267 4076 vertenda,
2329 4026 2402 4065 eo

153 4097 521 4156 confidentius
560 4099 904 4158 contendere
948 4115 1125 4176 posse
1168 4095 1301 4154 mihi
1342 4096 1566 4173 videor,
1614 4117 1728 4174 quo
1773 4094 1951 4168 magis
1997 4111 2194 4150 omnes
2226 4049 2402 4150 libros

154 4183 208 4235 et
254 4201 387 4242 mss.
445 4189 503 4241 et
564 4183 753 4244 editos
804 4184 865 4242 in
920 4181 1253 4243 exhibendis
1302 4183 1454 4244 veris
1505 4182 1704 4241 formis
1756 4175 2032 4250 ἑωυτῶν,
2086 4171 2402 4247 τοιούτων,
