2784 4567
349 118 396 253 ὲ
959 170 1050 231 De
1085 168 1334 231 dialecto
1375 171 1713 233 Herodotea
1754 169 1853 231 liin
1896 168 1937 227 Ι.

523 344 822 405 Praeterea
866 338 1162 399 Choerilus
1203 340 1431 399 Samius
1478 338 1704 397 auditor
1754 336 2037 397 Herodoti
2080 340 2141 396 et
2194 334 2431 397 deliciae
2474 337 2651 397 fuisse

356 432 576 506 dicitur,
631 429 704 489 ah
759 426 1078 501 eodemque
1120 422 1196 482 ad
1239 423 1453 483 bellum
1492 422 1777 483 Persicum
1822 422 1985 500 epico
2028 422 2274 481 carmine
2328 424 2653 481 canendum

357 516 632 579 excitatus
673 530 798 573 esse
840 510 1164 589 perhibetur
1192 506 1436 586 (Naeck.
1468 508 1715 569 Choeril.
1750 527 1807 585 p.
1846 510 1915 567 19
1948 524 2073 583 sqq.
2110 512 2201 567 Ἃ.
2238 508 2377 581 28).
2424 506 2651 567 Deinde

358 600 526 660 etiam
575 618 704 659 cum
749 595 1037 674 Sophocle
1081 599 1336 653 nostrum
1375 611 1653 653 summam
1688 591 2037 651 contraxisse
2082 590 2513 651 familiaritatem
2536 610 2651 649 non

357 684 540 743 solum
587 683 936 761 epigramma
971 677 1267 755 quoddam
1317 678 1475 757 apud
1509 676 1867 739 Plutarchum
1898 676 2127 735 obvium
2166 676 2329 750 (vide
2358 674 2539 753 Plut,
2582 696 2651 735 au

360 769 478 829 seni
523 768 754 845 gerend.
808 784 954 843 resp.
999 782 1048 821 c.
1089 767 1143 823 ὃ.
1199 762 1394 839 Heyse
1444 761 1485 823 Ι.
1540 762 1581 821 l.
1636 780 1695 839 p.
1745 765 1819 821 66
1878 780 2005 839 sqq.
2058 760 2129 824 C.
2186 760 2282 819 Fr.
2340 760 2653 819 Her-manni

359 852 658 931 epistolam
707 852 783 909 ad
827 848 1128 909 Baehrium
1175 847 1232 907 in
1273 846 1497 907 Baehrii
1545 848 1681 907 edit.
1724 845 1944 906 Herod.
1992 845 2115 909 Vol.
2160 845 2233 905 11.
2262 845 2499 905 Excurs.
2524 846 2653 921 Vl.)

361 937 510 997 clare
545 938 738 1005 docet,
789 935 892 995 sed
937 932 1106 990 etiam
1165 950 1237 991 ex
1289 932 1676 991 communibus
1732 930 1961 1006 utrique
2017 930 2301 989 nonnullis
2362 931 2654 989 sententiis

364 1025 519 1080 recte
569 1020 757 1079 similis
797 1018 1082 1094 quaedam
1128 1015 1336 1094 ingenii
1379 1017 1639 1075 condicio
1678 1015 1938 1075 concludi
1989 1033 2163 1093 posse
2216 1015 2351 1075 mihi
2411 1016 2653 1077 videtur.

365 1102 522 1165 Nam
572 1104 729 1180 quod
773 1104 902 1163 hinc
943 1100 1206 1161 Clemens
1251 1100 1665 1163 Alexandrinus
1706 1101 1961 1174 (Strom.
2018 1099 2117 1157 Vl.
2168 1118 2231 1177 p.
2292 1103 2399 1158 6:25
2454 1100 2653 1177 Sylh.)

365 1190 498 1250 furti
543 1188 902 1247 Herodotum
945 1185 1168 1263 arguit,
1209 1204 1328 1245 non
1375 1184 1613 1243 multum
1654 1184 1787 1243 hnic
1837 1182 2255 1262 exprobrationi
2294 1184 2655 1243 tribuendum

237 1278 244 1285 '
365 1291 522 1349 esse,
574 1271 848 1329 neminem
900 1269 1082 1345 sugit,
1125 1286 1300 1343 quom
1357 1268 1515 1328 illum
1564 1274 1765 1327 notum
1822 1270 1897 1329 sit
1951 1286 2174 1347 semper
2232 1269 2351 1327 fere
2416 1268 2655 1327 alterum

366 1375 559 1415 eorum
601 1356 958 1432 scriptorum,
1001 1353 1145 1411 inter
1194 1370 1340 1428 quos
1383 1353 1595 1428 aliquid
1638 1372 1935 1412 commune
1976 1352 2349 1413 intercesserit
2366 1395 2389 1425 ,
2436 1352 2659 1430 plagia·-

365 1442 434 1499 rii
485 1439 790 1517 ignominia
835 1445 1086 1510 notasse,
1125 1454 1312 1512 eaque
1351 1454 1423 1495 ex
1470 1454 1641 1495 causa
1675 1438 1795 1511 jam
1840 1436 2057 1497 dudum
2098 1436 2272 1499 fidem
2312 1439 2467 1515 apud
2517 1440 2657 1495 doc-

367 1530 460 1585 tos
502 1524 652 1583 viros
697 1523 987 1584 decoxisse
1035 1520 1137 1599 (cf.
1187 1528 1248 1580 et
1267 1518 1489 1597 Pflugk.
1542 1522 1617 1581 de
1657 1512 2039 1599 Theopompo
2089 1522 2237 1580 Chio
2264 1542 2323 1600 p.
2350 1524 2492 1598 36).
2536 1523 2659 1579 Sed

367 1629 484 1669 non
529 1608 832 1688 Sophoclis
885 1604 1066 1665 solum
1113 1604 1174 1663 in
1225 1606 1487 1667 notitiam
1540 1611 1599 1665 et
1658 1606 2089 1665 familiaritatem
2144 1605 2503 1665 Herodotum
2560 1606 2657 1664 illo

370 1700 648 1773 tempore,
691 1712 806 1770 quo
859 1688 1091 1751 Athenis
1141 1690 1270 1764 fuit,
1315 1690 1535 1751 venisse
1574 1690 1865 1750 verisimile
1908 1696 2021 1763 est,
2065 1709 2259 1749 verum
2300 1692 2471 1751 etiam
2512 1690 2661 1749 alio·-

369 1796 494 1839 rum
535 1784 674 1837 tunc
719 1776 1150 1837 clarissimorum
1209 1776 1486 1848 virorum,
1544 1774 1815 1853 imprimis
1873 1774 2293 1851 tragoedorum
2396 1774 2659 1843 Quorum

370 1881 440 1922 ex
486 1862 860 1921 familiaritate
897 1867 960 1918 et
999 1861 1328 1920 commercio
1371 1861 1523 1925 haud
1547 1860 1787 1919 alienum
1812 1877 1939 1919 esse
1984 1860 2207 1918 videtur
2238 1865 2487 1919 statuere
2518 1860 2661 1921 istas

371 1946 568 2005 crebro
621 1946 776 2023 apud
822 1944 1180 2003 Herodotum
1221 1944 1418 2003 obvias
1461 1945 1735 2003 dictiones
1782 1944 2035 2019 fluxisse,
2078 1962 2231 2020 quae
2293 1944 2527 2023 propius
2580 1947 2659 2003 ad

373 2030 744 2089 dramaticum
793 2028 1136 2103 tragicorum
1183 2028 1405 2087 dicendi
1448 2046 1629 2104 genus
1670 2029 1961 2102 accedant,
2009 2048 2155 2104 quas
2200 2030 2371 2089 docte
2428 2028 2659 2105 collegit

373 2112 810 2174 Stadelmannus
855 2111 1131 2187 (dissertt.
1175 2112 1250 2171 de
1273 2112 1581 2179 Herodoto,
1616 2112 1850 2188 ejusque
1900 2114 2163 2186 dialecto,
2210 2118 2347 2173 1830
2374 2119 2433 2173 et
2469 2117 2657 2189 1832).

374 2198 714 2274 Eodemque
763 2197 938 2255 modo
985 2195 1201 2272 omnia,
1259 2214 1408 2273 quae
1458 2216 1585 2255 cum
1640 2197 1893 2259 Homero
1946 2198 2281 2259 Herodotus
2342 2200 2659 2258 communia

374 2282 570 2354 habet,
619 2280 804 2358 colligi
851 2278 1224 2357 illustrarique
1256 2288 1495 2359 possunt
1532 2282 1687 2361 (vide
1718 2282 2029 2359 Boettiger.
2072 2285 2149 2341 de
2188 2284 2408 2344 Herod.
2450 2284 2653 2341 Histo-

374 2368 456 2427 ria
511 2367 587 2427 ad
647 2367 789 2444 epici
849 2364 1104 2425 carminis
1159 2366 1407 2425 indolem
1468 2367 1699 2445 propius
1760 2368 2093 2439 accedente,
2150 2368 2431 2427 vimariae
2496 2372 2655 2438 1799,

374 2473 452 2531 p..
485 2458 540 2513 3.
626 2449 916 2529 Wyttenb.
969 2448 1152 2515 Praef.
1205 2448 1279 2509 ad
1341 2450 1565 2511 Selecta
1618 2452 1849 2529 princip.
1906 2452 2179 2511 Graeciae
2234 2453 2475 2527 histor.)·.
2562 2454 2659 2510 Sic

374 2543 610 2612 restant,
651 2556 799 2613 quae
840 2535 1067 2615 proprie
1099 2536 1176 2593 ad
1223 2556 1427 2595 novam
1468 2536 1721 2597 Jonicam
1760 2536 2057 2595 dialectum
2100 2539 2399 2615 pertinent.
2442 2536 2661 2613 Magna

374 2642 507 2681 vero
550 2622 640 2683 hic
683 2630 769 2683 est
809 2621 874 2680 lis
917 2627 1042 2679 orta
1083 2620 1229 2680 inter
1289 2623 1493 2681 doctos
1548 2623 1719 2693 viros,
1768 2620 1949 2697 qualis
2002 2623 2075 2681 sit
2128 2620 2223 2681 illa
2268 2642 2417 2681 nova
2458 2622 2661 2680 Jonica

377 2706 646 2765 dialectos
703 2706 1068 2779 Herodotea,
1113 2713 1296 2765 utrum
1345 2706 1439 2765 illa
1483 2706 1961 2784 logographorom
2014 2706 2285 2765 dialectus
2340 2713 2513 2781 atque
2570 2726 2660 2778 eu,

377 2807 492 2865 qua
530 2790 706 2849 Jones
750 2789 974 2847 Cariam
1027 2787 1272 2847 colentes
1319 2791 1405 2847 nsi
1446 2791 1586 2866 sint,
1642 2808 1715 2848 an
1766 2791 1961 2847 Samia
2014 2792 2309 2866 quaedam.
2398 2791 2477 2849 Et
2516 2791 2659 2849 Gie-

376 2874 490 2932 sius
537 2872 796 2949 quidem,
840 2873 920 2930 vir
963 2871 1336 2944 doctissimus,
1388 2881 1587 2933 contra
1631 2872 1939 2934 Thierschii
1992 2876 2315 2952 (grammat.
2370 2896 2458 2952 gr.
2515 2896 2575 2953 p.
2625 2881 2663 2934 9

376 2960 498 3033 sq.)
533 2957 880 3032 aliorumque
899 2956 1260 3030 sententiam,
1305 2958 1663 3018 Herodotum
1697 2957 2177 3037 logographorum
2218 2960 2459 3019 dialecto
2495 2980 2659 3018 usum

377 3060 504 3099 esse
553 3041 876 3113 dicentium,
919 3041 1210 3099 contendit
1232 3043 1314 3117 *),
1365 3042 1557 3101 Samia
1593 3041 1829 3101 dialecto
1862 3064 1988 3103 eum
2021 3065 2187 3103 usum
2220 3063 2365 3123 esse,
2398 3046 2661 3123 primum,

381 3127 512 3201 quia
567 3126 955 3201 Hermogenes
1009 3123 1045 3187 l.
1107 3124 1144 3187 l.
1221 3124 1505 3183 Herodoti
1560 3126 1861 3187 dictionem
1922 3128 1999 3187 ab
2050 3130 2321 3189 Hecataei
2378 3130 2663 3188 diversam

377 3212 550 3269 fuisse
595 3211 827 3281 diceret,
873 3215 1025 3279 tum,
1077 3209 1206 3285 qnia
1265 3210 1703 3291 Hippocratem,
1766 3214 1863 3288 qui
1916 3220 1973 3271 et
2032 3213 2157 3292 ipse
2212 3207 2459 3295 ἀκράτῳ
2514 3208 2667 3275 Ἰάδι

379 3313 512 3355 usus
565 3314 688 3354 esse
731 3296 1025 3368 diceretur,
1085 3299 1142 3353 et
1193 3294 1348 3369 cujus
1398 3294 1695 3355 dialectum
1744 3305 1939 3359 notum
1982 3306 2131 3357 esset
2178 3318 2293 3357 non
2342 3294 2557 3357 levibus
2598 3299 2663 3355 ia

376 3380 544 3439 rebus
601 3380 675 3437 ab
698 3377 1030 3439 Herodoteo
1083 3397 1186 3437 usu
1227 3380 1509 3452 recedere,
1542 3386 1713 3457 atque
1748 3380 2125 3443 Democritum
2162 3384 2474 3441 Jonismum
2500 3382 2669 3457 logo-

376 3464 720 3541 graphorum
762 3462 1082 3523 adhibuisse
1121 3483 1225 3542 pro
1269 3471 1425 3522 certo
1465 3472 1630 3525 esset.
1719 3468 1835 3525 Sed
1879 3466 2101 3527 Giesius
2144 3466 2361 3544 Lydico
2406 3468 2663 3525 Jonismo

374 3548 638 3626 praetulit
681 3548 932 3607 Samium
973 3549 1124 3623 ideo,
1175 3550 1331 3625 quod
1375 3549 1671 3608 diversitas
1704 3551 2016 3611 Herodotei
2065 3553 2301 3611 Jonismi
2344 3559 2400 3610 et
2446 3553 2665 3611 Home-

373 3632 472 3691 rici
525 3652 638 3691 non
681 3653 748 3693 ea
791 3638 962 3705 esset,
1004 3651 1152 3708 quac
1193 3652 1262 3692 ex
1304 3634 1475 3709 longo
1514 3641 1829 3711 temporum
1870 3636 2193 3713 intervallo,
2236 3644 2337 3696 aut
2380 3656 2447 3695 ex
2496 3636 2663 3695 diffe-

373 3716 552 3775 rentia
597 3736 803 3796 prosae
846 3725 907 3775 et
951 3719 1210 3795 poeticae
1254 3719 1513 3777 dictionis
1550 3720 1811 3798 explicari
1844 3728 2073 3799 posset·,
2116 3730 2255 3800 tom,
2298 3724 2457 3799 quod
2495 3722 2665 3781 etiam

369 3801 579 3861 Suidas
623 3810 906 3863 narraret:
965 3800 1033 3863 ἔν
1083 3806 1159 3884 τῇ
1221 3798 1413 3884 Σάμῳ
1473 3802 1575 3865 καὶ
1635 3798 1750 3881 τὴν
1797 3799 1951 3867 Ἰάδα
2007 3802 2263 3884 ἠσκήθη
2325 3801 2663 3876 διάλεκτον,

345 3893 544 3965 'atque
594 3886 898 3965 Dionysius
937 3886 1118 3947 Halic.
1161 3887 1419 3946 laudaret
1464 3888 1819 3949 Herodotum
1873 3894 1983 3966 τῆς
2021 3886 2211 3964 Ἰάδος
2260 3887 2506 3967 ἄριστον
2552 3914 2667 3951 κα·-

369 3967 544 4044 vo'rm,
573 4004 670 4019 -—-
686 3972 890 4050 quibus
915 3972 1093 4031 verbis
1114 3970 1445 4050 Dionysium
1468 3974 1781 4049 significare
1804 3976 2042 4035 voluisse
2054 3978 2301 4037 San-'um
2326 3977 2665 4049 Jonismum,

509 4172 560 4237 ’)
595 4173 655 4256 ¹¹¹.
683 4172 816 4227 libro
847 4172 1069 4256 quodam
1102 4177 1328 4225 ceterum
1363 4172 1534 4227 honae
1574 4171 1743 4241 frugis
1739 4174 1951 4298 ὖὲιῑοω,
1978 4175 2069 4245 qui
2102 4174 2435 4230 inscribiturz
2485 4173 2664 4229 Ueber

373 4240 471 4292 deu
511 4241 815 4297 Aeoltscheu
845 4240 1052 4297 Dialect
1101 4239 1302 4309 (183⁷),
1335 4242 1468 4311 Cap.
1513 4240 1577 4305 V,
1614 4259 1665 4313 p.
1709 4242 1729 4295 l
1840 4259 1957 4313 sqq.
2184 4294 2199 4312 ⁸
