2784 4567
624 193 636 203 ,
754 147 847 207 De
888 148 1133 207 dialecto
1168 148 1512 208 ‘Herodotea
1549 148 1650 215 lib.
1689 148 1792 207 IV.
2267 148 2396 213 369

90 304 304 399 χόλον
346 316 389 373 1.
435 322 561 394 118,
606 319 765 394 cujus
806 318 885 373 de
923 318 1167 377 veritate
1208 316 1556 375 Buttmanno
1597 322 1716 375 tam
1756 323 1879 376 erat
1917 336 2280 395 persuasum,
2335 327 2400 379 ut

96 403 299 460 etiam
344 401 387 458 Ι.
424 406 560 476 153,
622 401 777 459 nullo
819 402 965 459 libro
1007 420 1115 461 nec
1165 402 1560 479 manuscripto
1613 420 1806 480 neque
1865 402 2146 479 impresso
2187 404 2398 462 suffra-

95 493 300 563 gante
319 526 337 559 ,
399 506 507 564 pro
560 484 751 564 ἐπεῖχέ
802 508 863 548 τε
882 529 899 559 ,
964 485 1154 545 deleta
1203 486 1480 564 particula
1521 508 1620 557 τε.
1685 485 1872 545 aliena
1915 487 1968 544 ei
2009 486 2082 543 ab
2127 487 2396 546 hocloco

95 572 243 627 visa
264 567 361 647 ²⁸¹),
430 570 654 649 ἔπεὶχεε
703 570 955 629 scribere
1010 570 1237 643 mallet,
1306 588 1424 627 non
1477 570 1666 628 solum
1720 589 1754 627 e
1805 570 2040 647 nuperis
2083 568 2396 629 editoribus

94 655 359 732 quidam
400 656 457 711 in
502 654 713 734 ἐνεῖχε,
768 656 927 731 cujus
972 656 1153 731 ipsius
1201 662 1261 713 et
1301 654 1542 712 aliorum
1593 661 1652 713 et
1691 654 1964 732 simplicis
2007 658 2068 711 et
2109 654 2396 729 compo‘si-

94 747 312 796 torum
380 738 635 816 exempla
676 740 821 795 satis
860 739 1033 797 multa
1070 739 1331 796 omnibus
1374 738 1434 793 in
1471 738 1634 795 libris
1675 744 1836 796 recte
1877 738 2092 816 scripta
2128 738 2246 813 jam
2299 757 2396 796 su·

88 843 219 901 pra
268 823 555 881 attulimus
602 822 685 901 (p.
723 823 857 900 304)
905 823 996 880 vel
1040 828 1239 880 contra
1278 822 1547 881 librorum
1588 822 1981 881 auctoritatem
2019 820 2126 879 sibi
2168 827 2394 880 mutau-

94 910 254 965 dum
304 926 434 965 esse
478 913 633 968 recte
673 908 915 985 putavit,
960 908 1067 965 sed
1094 908 1213 983 jam
1256 906 1404 965 Hen.
1449 906 1648 983 Steph.
1693 908 1785 967 ed.
1825 906 1902 965 Π.
1945 905 2022 963 illi
2062 924 2256 963 verum
2299 905 2396 967 ἐν·

96 999 237 1070 εἷχε
281 992 675 1064 substituerat,
718 992 873 1067 quod
908 992 1127 1069 posteri
1172 992 1422 1049 retinere
1461 989 1750 1049 debebant
1790 1008 2004 1050 omues.
2047 1022 2134 1035 --
2172 989 2392 1066 Δεψέω

96 1084 354 1149 autem,
405 1077 563 1151 cujus
606 1082 739 1134 tert.
786 1076 989 1150 singul.
1034 1077 1213 1152 δεψεῖ
1250 1075 1349 1133 lv.
1392 1078 1466 1133 64
1513 1093 1546 1133 e
1585 1074 1716 1132 cod.
1760 1074 1832 1131 F.
1875 1073 2030 1132 solus
2069 1072 2390 1149 Schweigb.

98 1161 406 1219 immerito
444 1160 664 1235 recepit
695 1162 753 1218 in
798 1160 1075 1234 ordinem,
1117 1157 1508 1236 lexicographi
1545 1159 1797 1236 quidam,
1841 1167 1904 1215 ut
1945 1158 2130 1215 solum
2172 1177 2387 1227 verum,

94 1252 491 1325 proponunt,
542 1262 611 1301 ex
656 1244 859 1301 aoristt
890 1244 1082 1301 ¹forma
1121 1245 1393 1320 δεψῆσαι
1437 1243 1576 1318 (Od.
1623 1248 1726 1316 12,
1767 1239 1870 1317 48)
1913 1249 1974 1300 ut
2013 1247 2186 1319 puto,
2245 1261 2388 1301 con-

91 1334 396 1408 jecturam
433 1348 593 1385 suam
642 1330 955 1404 capientes.
1040 1329 1161 1387 Sed
1198 1327 1390 1403 δέψει,
1441 1327 1598 1403 quod
1629 1327 1759 1385 cod.
1781 1325 1846 1381 S.
1880 1326 2164 1403 praebuit,
2201 1327 2388 1385 solum

96 1414 509 1472 Herodoteum
556 1419 667 1486 est,
716 1430 820 1470 nec
862 1411 1151 1470 debebant
1190 1412 1359 1470 codd.
1390 1410 1446 1467 b.
1475 1411 1533 1467 d.
1573 1411 1649 1467 ad
1689 1408 1850 1487 ἕψεῒ,
1893 1428 2078 1484 aeque
2110 1410 2387 1469 damuan-

102 1502 288 1571 dum,
345 1494 632 1555 aberrare.
717 1497 869 1554 Nam
920 1496 1207 1570 vulgatum
1260 1494 1404 1573 ἕψεε
1454 1493 1500 1553 Ι.
1541 1499 1614 1558 48
1663 1512 1772 1571 pro
1815 1511 1954 1550 vero
1997 1490 2109 1566 ἕψε
2149 1512 2386 1571 prorsus

96 1584 359 1640 alienum
412 1582 485 1639 ab
531 1581 867 1639 Herodotea
915 1580 1177 1637 oratione
1229 1579 1576 1635 censendum
1637 1584 1746 1638 est.
1832 1575 2104 1633 Tradidit
2157 1576 2386 1651 quidem

100 1668 278 1729 Suid.
328 1666 533 1741 ἓψοῖν,
592 1668 771 1726 τοῦτο
819 1657 1147 1741 βαρύνεται
1198 1662 1301 1723 καὶ
1348 1665 1748 1741 resonaverat,
1811 1664 1871 1717 et
1927 1650 2230 1729 ὀπτῶντες
2283 1660 2386 1720 καὶ

102 1750 383 1830 ἓψῶντες
423 1751 527 1812 καὶ
572 1741 893 1826 ὀπτώμενα
921 1782 993 1793 -
1021 1746 1287 1820 ἕψῶντες
1321 1743 1387 1806 δὲ
1428 1744 1531 1805 καὶ
1573 1743 1827 1822 ἕψοντες
1861 1733 2106 1803 ταύτόν.
2196 1743 2386 1819 Atque

100 1836 268 1894 Lob.
313 1837 385 1893 ad
430 1836 523 1911 Aj.
584 1854 643 1911 p.
694 1838 792 1892 181
838 1832 1231 1892 circumflexae
1273 1831 1496 1887 formae
1535 1827 1828 1904 complura
1875 1825 2065 1884 attulit
2105 1827 2384 1904 exempla,

104 1922 359 1978 maxime
418 1940 486 1977 ex
524 1918 909 1995 posteriorum
951 1916 1291 1992 scriptorum
1334 1914 1492 1971 libris
1533 1912 1870 1990 depromta3
1925 1911 2030 1969 sed
2067 1912 2186 1987 jam
2228 1912 2384 1988 apud

100 2006 457 2081 Hippocrat.
507 2008 567 2059 et
603 2000 699 2060 illa
752 2008 810 2059 et
852 2002 995 2058 haec
1034 1999 1217 2057 forma
1256 1998 1616 2076 promiscue,
1663 1994 1972 2071 praecipue
2011 1994 2068 2051 in
2111 1993 2266 2053 libris
2309 1995 2384 2053 de

104 2094 301 2150 natur,
351 2087 576 2145 mulieb.
624 2093 682 2144 et
727 2088 801 2144 de
842 2085 1025 2143 morb.
1066 2083 1309 2157 mulien,
1351 2086 1630 2159 usurpata
1664 2079 1844 2135 fuisse
1885 2077 2136 2149 videtur-3
2181 2096 2384 2156 quam-

105 2192 287 2251 quam
360 2172 531 2248 ἕψεῖν
596 2178 655 2229 et
716 2168 837 2255 ἕψῇ
906 2188 973 2225 ex
1033 2166 1289 2225 Platonis
1351 2165 1508 2223 libris
1565 2162 1740 2220 allata
1804 2161 2094 2239 (Euthyd.
2157 2168 2262 2222 3⁰1
2307 2163 2382 2221 C.
2461 2232 2476 2247 ·

102 2258 288 2333 vulgo
313 2256 500 2333 ἓψεῖν,
534 2257 639 2313 sed
660 2256 844 2314 2850.
877 2250 1091 2329 ἑψέτω.
1136 2252 1211 2311 cf.
1249 2250 1462 2309 Heind.
1491 2250 1563 2306 ad
1594 2246 1974 2323 plaeeratyl.
2001 2267 2060 2322 p.
2079 2247 2266 2307 409A.
2294 2280 2376 2294 ·—

104 2344 291 2419 Hipp.
324 2341 456 2415 Maj.
486 2344 593 2399 290
627 2338 694 2397 D.
739 2344 893 2393 recte
925 2336 1133 2395 Stallb.
1172 2332 1293 2418 ἕψῃ
1332 2332 1648 2409 praetulit.)
1689 2329 1782 2386 vel
1821 2337 2063 2405 propter
2103 2329 2379 2405 reliquam

102 2426 342 2482 «licendi
388 2424 666 2480 rationem
710 2420 765 2476 in
812 2418 1067 2475 Platonis
1108 2417 1267 2473 libris
1315 2417 1578 2483 obviam,
1631 2410 1766 2469 nihil
1813 2412 1919 2468 nisi
1965 2430 2240 2488 perversa
2281 2432 2382 2469 ac-

106 2514 324 2568 centus
365 2504 651 2583 positioue.
680 2502 782 2559 niti
816 2499 1123 2560 contendo.
1210 2499 1336 2556 Huc
1377 2497 1598 2555 accedit
1635 2496 1788 2571 quod
1813 2494 2124 2552 Herodian.
2152 2494 2378 2570 (Herm.

102 2616 175 2673 p.
223 2594 359 2649 313:
418 2589 473 2649 εἰ
524 2580 640 2667 γὰρ
686 2575 771 2663 ἦν
821 2578 1281 2661 περισπώμενον
1323 2578 1391 2642 ro*
1436 2582 1598 2663 ῥῆμα
1639 2577 1826 2654 (inludi)
1867 2570 2066 2655 ἦν-ἆ“ν
2107 2571 2142 2637 o‘
2185 2600 2382 2663 παρα-

105 2668 359 2745 τατικός
397 2668 631 2750 ἥψουν.
676 2662 881 2742 οὐδεὶς
922 2667 985 2729 δὲ
1026 2672 1145 2728 τῶν
1184 2661 1452 2748 ἆρχαίων
1497 2660 1662 2726 εἶπεν
1707 2657 1935 2759 ἥψουν,
1979 2651 2114 2722 ἄλλ’
2155 2650 2380 2742 ἦψον.)

105 2764 357 2819 formam
400 2753 619 2837 ἥψουν
661 2755 733 2812 ab
768 2751 1181 2830 antiquioribus
1224 2770 1466 2829 prorsus
1511 2748 1892 2824 abjudicavit,
1937 2747 2090 2805 unde
2131 2744 2308 2824 ἕψεῖν
2345 2768 2382 2807 e

105 2844 335 2920 vulgari
379 2859 641 2900 sermone
666 2840 725 2896 in
764 2838 1147 2915 posteriorum
1191 2842 1250 2893 et
1275 2836 1588 2897 Atticorum
1611 2838 1672 2889 et
1693 2831 1894 2889 Ionum
1913 2834 2380 2891 consuetudinem

108 2929 407 2988 transiisse
444 2926 575 2983 mihi
610 2924 853 3000 videtur,
897 2922 1213 2997 eademque
1254 2921 1375 2977 fere
1419 2936 1549 2976 esse
1575 2915 1746 2990 ratio,
1783 2932 1950 2990 quam
1989 2916 2380 2976 circumflexae

110 3016 337 3072 formae
366 3010 549 3083 πιεζῶ
595 3026 725 3066 esse
762 3007 939 3077 modo
976 3022 1149 3083 supra
1185 3006 1442 3061 vidimus.
1487 3002 1606 3059 Sed
1635 3000 1786 3073 apud
1805 2999 2166 3059 Herodotum
2207 3020 2380 3079 prue-

111 3106 207 3157 ter
245 3096 379 3154 illud
428 3095 693 3153 vitiosum
738 3090 879 3167 ἕψει
920 3090 1133 3147 nullum
1174 3088 1323 3146 aliud
1369 3087 1762 3146 circumflexae
1809 3084 2026 3141 formae
2061 3087 2410 3163 exemplum-

119 3183 432 3259 reperitur3
486 3196 678 3235 vorum
726 3194 922 3234 omnes
969 3174 1061 3234 lv.
1108 3177 1175 3232 61
1221 3171 1441 3249 ἕψουσι
1477 3172 1765 3238 retinent,
1823 3168 1917 3224 lx.
1959 3174 2064 3225 118
2105 3168 2378 3241 ἓψοντες.

72 3316 82 3335 .,
118 3269 163 3328 Ι.
210 3270 277 3326 47
310 3262 630 3343 ἑψομένης.
715 3260 783 3317 11.
826 3262 899 3317 94
939 3252 1265 3332 ἀπέψουσι.
1350 3256 1448 3316 IV.
1485 3258 1552 3312 61
1599 3249 1812 3324 ἐξέψει·
1879 3248 1982 3323 (cf.
2029 3258 2089 3308 et
2131 3250 2380 3307 casaub.

119 3350 192 3409 ad
236 3350 438 3408 Athen.
482 3347 527 3404 I.
570 3352 639 3405 25
682 3342 854 3419 (iim).
930 3372 1002 3385 -—
1081 3340 1170 3398 De
1215 3333 1424 3399 ὄπωπε
1467 3343 1525 3394 et
1577 3326 1816 3397 ὀπώπεε
1854 3332 1970 3406 jam
2015 3350 2192 3408 supra
2235 3332 2380 3389 dixi-

121 3454 278 3505 mus;
333 3440 505 3509 atque
548 3428 856 3488 Hermanni
906 3425 1122 3503 (Praef.
1168 3424 1241 3481 ad
1284 3422 1464 3499 Soph.
1507 3440 1566 3497 p.
1621 3417 1720 3474 lx.
1775 3416 1864 3472 ed.
1911 3415 2172 3495 Schaef.)
2221 3435 2380 3474 com-

117 3520 469 3602 parationem
520 3513 855 3574 Doricarum
902 3511 1209 3567 formarum
1256 3500 1506 3585 ὄπῶπη,
1565 3501 1836 3577 πεποίθη
1855 3540 1872 3567 ,
1935 3520 2063 3559 cum
2107 3501 2380 3579 perfectis

124 3598 351 3667 ὀπώπεε
395 3610 505 3661 etc.
550 3618 584 3658 a
625 3596 865 3655 librariis
904 3594 1211 3671 corruptis,
1259 3612 1373 3651 non
1414 3608 1610 3648 veram
1652 3604 1782 3644 esse
1827 3593 2085 3662 apparet.
2139 3611 2149 3619 ’

286 3722 491 3781 Restat
532 3722 751 3791 autem,
810 3720 871 3771 ut
923 3712 995 3769 de
1040 3712 1165 3769 aliis
1216 3703 1788 3786 quibusdam'verbis
1831 3700 2123 3781 barytonis
2167 3711 2225 3762 et
2269 3704 2380 3763 cir·
2459 3775 2476 3784 α

129 3806 409 3869 cumflexis
472 3821 732 3881 agamus.
822 3795 1117 3867 Quaedam
1188 3797 1335 3852 enim
1409 3793 1584 3851 verba
1641 3788 1803 3865 hujus
1857 3789 2115 3846 diversae
2163 3788 2379 3843 formae

127 3933 352 3984 „4ss
382 3964 403 3970 -
440 3964 527 3973 „s

263 4070 320 4137 *)
357 4069 468 4123 Sed
506 4066 795 4139 particulas
827 4080 885 4117 τε
924 4070 978 4116 et
1012 4057 1076 4114 δέ
1110 4059 1321 4129 saepius
1356 4060 1500 4113 inter
1537 4076 1596 4113 se
1630 4056 1905 4126 oppositas
1937 4048 2166 4133 inveniri
2200 4056 2255 4102 et
2289 4046 2382 4133 alii

133 4150 185 4195 et
217 4139 389 4194 Herm.
426 4138 492 4191 ad
533 4137 653 4205 Vig.
691 4154 744 4219 p.
780 4130 887 4189 836
923 4132 1243 4196 docuerunt,
1282 4137 1334 4180 et
1370 4128 1567 4180 Matth.
1603 4144 1681 4195 gr.
1717 4142 1800 4192 gr.
1839 4126 1870 4185 S
1896 4120 2002 4174 626
2039 4126 2170 4171 satu
2205 4118 2380 4171 multis
2433 4140 2438 4145 ·

132 4209 447 4263 confirmavit
480 4204 755 4273 exemplis.
1881 4273 1964 4334 24
