2784 4567
339 220 372 256 V
381 220 402 257 1

1079 364 1359 420 LIBER
1426 363 1858 421 TERTIUS.

2369 468 2410 516 P
2486 498 2501 515 .

338 549 639 607 Declinntio
681 549 855 623 prima
897 549 1212 606 Herodotea
1329 590 2183 612 .........
2271 552 2376 608 217
2397 482 2485 593 -Ἓ
2504 552 2615 607 233

339 668 643 725 Declinatio
675 668 914 726 secunda
945 668 1264 725 Herodotea
1327 710 1341 723 .
1437 648 1483 721 .’
1540 706 2184 727 .......
2268 670 2375 725 233
2396 698 2482 711 —
2502 672 2613 725 252

338 785 642 842 Declinatio
673 786 834 842 tertia
865 787 1184 844 Herodotea
1228 825 2186 847 ..........
2275 789 2380 843 253
2400 818 2486 828 -
2507 788 2617 844 273

337 903 417 960 De
448 904 756 961 nominibus
785 905 1074 977 adjectivis
1105 919 1405 973 eorumque
1435 902 1700 974 gradibus
1730 904 2160 976 comparationis
2273 904 2379 961 273
2406 935 2480 945 -
2506 906 2617 962 278

339 1021 419 1078 De
451 1021 758 1079 nominibus
789 1022 1154 1079 numeralibus
1212 1063 1863 1082 .......
1906 1100 1915 1109 .
1960 1064 1973 1078 .
2066 1063 2078 1075 .
2170 1065 2183 1077 .
2270 1022 2377 1078 278
2400 1052 2484 1063 -
2506 1026 2615 1080 281

339 1137 420 1191 De
450 1138 864 1208 pronominibus
914 1178 1553 1199 .......
1618 1196 1625 1203 ,
1646 1179 2188 1199 ......
2275 1142 2379 1197 281
2402 1171 2486 1182 -—
2509 1142 2619 1197 284

1066 1388 1342 1447 LIBER
1411 1388 1872 1455 QUARTUS.

341 1573 419 1627 De
449 1547 994 1631 verbo-HerodoteO.
1086 1572 1165 1628 De
1199 1572 1506 1643 augmentis
1538 1578 1595 1628 et
1623 1571 1693 1627 de
1723 1554 2159 1643 reduplicatione
2276 1576 2378 1629 285
2402 1603 2485 1613 -—
2506 1576 2615 1631 319

341 1692 420 1746 De
447 1692 654 1748 flexura
689 1697 744 1747 et
773 1690 1104 1747 formatione
1134 1689 1365 1763 quadam
1394 1690 1703 1748 lierodotei
1732 1690 1887 1747 verbi
1918 1690 1973 1747 in
2002 1690 2190 1745 termi-

609 1797 616 1805 ·
673 1775 986 1832 nationibus
1017 1775 1180 1832 obvia
1221 1814 1975 1835 ........
2056 1776 2079 1835 ’.
2170 1815 2183 1828 .
2272 1776 2377 1831 319
2399 1804 2484 1817 --
2506 1776 2614 1833 337

341 1894 421 1949 De
451 1893 790 1965 temporibus
821 1892 1120 1948 formandis
1219 1931 1234 1947 .
1325 1937 1339 1953 .
1433 1910 1455 1948 .·
1535 1932 2187 1952 .......
2274 1895 2379 1949 338
2404 1922 2488 1933 —-
2508 1895 2613 1951 372

341 2011 422 2066 De
454 2011 637 2067 verbis
668 2011 818 2083 puris
863 2012 982 2067 sive
1013 2009 1376 2065 circumflexis
1437 2050 2186 2070 ........
2276 2012 2380 2068 372
2402 2042 2489 2051 -
2508 2011 2615 2068 392

343 2130 420 2185 De
453 2130 636 2187 verbis
664 2128 720 2185 in
751 2110 813 2194 ᾗῖ
845 2129 1180 2186 exeuntibus·
1227 2167 1769 2188 ......
1826 2188 1839 2200 Ι
1859 2168 1872 2181 .
1964 2167 1977 2183 .
2068 2170 2081 2183 .
2174 2175 2187 2189 .
2275 2130 2381 2218 393
2401 2156 2487 2171 -·-
2508 2133 2615 2187 412
