2784 4567
991 1447 1569 1544 INDEX.

1223 1710 1326 1717 0—--
1369 1710 1413 1715 --

917 1926 1197 1983 LIBER
1266 1926 1633 1983 ramus.

145 2119 230 2173 De
261 2116 594 2173 editionibus
625 2114 890 2171 Herodoti
921 2116 1112 2173 critica
1142 2118 1357 2172 ratione
1389 2115 1709 2171 examinatis
1766 2156 1780 2170 .
1872 2156 1887 2170 .
1980 2157 1993 2171 .
2158 2122 2189 2177 1
2216 2150 2301 2161 --
2390 2125 2423 2177 5

149 2235 282 2291 Cum
326 2234 395 2290 de
435 2210 690 2292 universa
720 2234 943 2291 lonicae
986 2234 1206 2291 dialecti
1248 2235 1467 2293 ratione
1496 2240 1607 2290 tum
1636 2233 1899 2307 imprimis
1932 2234 2000 2289 de

484 2319 802 2376 Herodotea
919 2360 1567 2379 .......
1568 2383 1579 2389 ,
1659 2362 1675 2375 .
1768 2361 1783 2374 .
1877 2362 1892 2375 .
1984 2360 1997 2374 .
2158 2324 2191 2376 5
2214 2352 2295 2363 -—
2356 2328 2421 2379 11

143 2442 229 2496 De
262 2437 648 2511 manuscriptis
680 2436 948 2493 Herodoti
979 2452 1277 2507 eorumque
1309 2436 1796 2509 depravationibus
1830 2478 1839 2489 .
1886 2478 1901 2492 .
1991 2478 2005 2492 .
2123 2444 2190 2495 11
2214 2469 2299 2479 ——
2355 2444 2425 2498 13

141 2559 229 2614 De
260 2557 472 2612 lacunis
500 2557 556 2611 in
584 2554 852 2625 Herodoti
882 2555 1010 2610 mss.
1044 2553 1282 2609 inventis
1354 2592 2008 2609 .......
2126 2558 2195 2610 13
2216 2582 2301 2597 —·
2360 2560 2425 2612 16

143 2678 235 2732 De
263 2672 782 2745 interpolationibus
813 2688 1110 2742 earumque
1142 2670 1309 2728 variis
1337 2671 1636 2740 generibus
1676 2712 1689 2724 .
1781 2711 1796 2725 .
1888 2713 1900 2724 .
1992 2711 2005 2725 .
2126 2674 2194 2729 16
2218 2704 2300 2715 -
2356 2644 2423 2729 55

145 2796 236 2851 De
281 2792 590 2864 scripturae
630 2774 1028 2862 depravatione
1138 2830 1998 2846 .........
2118 2795 2187 2847 55
2210 2824 2295 2832 -
2350 2796 2423 2849 84

146 2914 234 2969 De
265 2911 558 2967 verborum
592 2909 788 2965 ordine
817 2908 1136 2981 perturbato
1248 2949 2003 2968 ........
2118 2882 2296 2966 8⁴}—
2352 2914 2424 2967 86

151 3032 232 3086 De
264 3030 352 3086 via
384 3028 742 3099 rationeque,
789 3042 930 3099 quae
968 3026 1203 3082 ineunda
1237 3043 1362 3083 esse
1393 3026 1675 3097 videatur,
1721 3027 1790 3083 ad
1820 3043 2002 3083 emen-

482 3111 692 3168 dandos
725 3110 992 3168 Herodoti
1023 3110 1196 3168 libros
1244 3150 1795 3167 ......
1802 3182 1814 3191 .
1887 3154 1900 3166 .
1994 3153 2008 3165 .
2123 3115 2194 3168 86
2218 3144 2300 3155 -
2354 3116 2425 3169 88

850 3340 1128 3421 L'lssssn
1195 3365 1713 3421 sscunnus

153 3555 233 3609 De
293 3550 726 3609 consonantibus
785 3550 1012 3622 aliisque
1083 3550 1308 3607 sonibus
1365 3551 1719 3606 Herodoteae
1782 3549 2004 3606 dialecti

340 3642 352 3650 “
387 3670 410 3687 .
482 3635 722 3708 propriis
813 3676 2002 3691 ............
2120 3632 2191 3688 89
2212 3662 2298 3672 —
2323 3634 2425 3685 102

152 3756 232 3811 De
269 3752 592 3825 quibusdam
622 3753 822 3810 litteris
859 3754 1148 3809 mobilibus
1239 3794 1253 3806 .
1346 3796 1360 3807 .
1455 3791 1467 3804 .
1538 3778 1555 3785 -
1561 3791 1995 3805 .....
2093 3754 2193 3807 102
2213 3778 2299 3789 —-
2322 3750 2427 3803 124

155 3874 235 3929 De
266 3870 549 3929 vocalibus
581 3878 636 3927 et
667 3870 1020 3943 diphthongis
1049 3870 1422 3943 permutandis
1459 3908 2003 3929 ......
2096 3872 2195 3923 125
2217 3897 2302 3909 —
2325 3864 2428 3919 173

158 3990 239 4045 De
267 3988 554 4046 solvendis
586 3996 641 4045 et
669 3987 1058 4046 contrahendis
1089 3987 1443 4061 diphthongis
1474 3990 1529 4041 et
1557 3984 1843 4043 vocalibus
1880 4026 1893 4038 .
1988 4024 2002 4037 .
2093 3984 2302 4038 1732-
2328 3978 2429 4033 197

156 4109 237 4163 De
267 4109 413 4189 crasi
443 4106 757 4163 Herodotea
830 4138 2011 4167 ............
2101 4097 2201 4150 197
2221 4126 2302 4135 -
2326 4100 2431 4152 202

155 4228 230 4281 De
263 4225 586 4282 Herodoteo
619 4242 718 4281 usu
749 4224 1000 4280 elisionis
1031 4229 1086 4278 et
1115 4218 1446 4293 apostrophi
1564 4246 2003 4271 .....
2091 4212 2197 4262 202
2219 4238 2304 4248 —
2324 4210 2431 4260 216
2518 4201 2529 4208 “
