2784 4567
372 83 504 150 m
984 83 1077 143 Dc
1118 82 1365 144 dialecto
1405 81 1750 144 Herodotea
1791 81 1890 143 lib.
1929 83 2030 142 111.

288 281 301 298 ι
372 255 429 314 b.
474 273 527 312 c.
570 253 627 311 d.
673 251 778 310 sed
806 251 939 310 cod.
966 251 1030 314 S.
1064 267 1259 310 veram
1288 251 1632 328 scripturam
1666 249 1894 330 βορέην
1925 249 2174 310 exhibet.
2213 281 2308 292 -—
2351 252 2474 308 149
2503 246 2656 327 πρός

372 335 597 418 βορέην
652 335 837 393 Bekk.
889 335 965 394 al.
1018 339 1207 409 recte,
1262 333 1449 392 Gaiss.
1505 333 1654 391 male
1711 353 1838 394 cum
1891 336 1956 394 S.
1994 336 2072 395 V.
2115 335 2337 416 βορῆν.
2435 333 2550 394 111.
2591 339 2654 392 97

366 423 563 502 βορῆν
604 419 817 495 vulgat.
854 416 1078 497 βορέην
1120 420 1184 476 S.
1228 443 1375 462 ·--
1410 424 1516 478 115
1555 416 1780 497 βορέην
1817 419 1887 478 1²¹.
1929 437 1983 480 a.
2055 421 2258 499 βορῆν
2297 418 2461 476 male
2499 417 2650 494 vulg.

366 523 497 564 cum
538 505 603 561 S.
646 501 721 564 V.
789 501 888 560 fv..
930 510 999 563 21
1048 498 1275 584 βορέην
1314 499 1500 565 Bekk.
1543 502 1617 559 al.
1685 504 1882 582 βορῆν
1923 503 2112 563 Gaisf.
2159 503 2233 562 al.
2277 521 2418 560 cum
2463 503 2530 558 S.
2571 535 2653 545 —

366 591 401 649 7
446 585 670 668 βορέην
710 584 782 646 F.
828 604 881 646 a.
918 586 1033 645 alii.
1068 585 1266 666 βορῆν
1293 585 1356 645 S.
1401 586 1472 644 V.
1525 615 1598 628 -·
1647 590 1716 645 17
1759 584 1988 666 βορέην
2029 588 2094 644 S.
2139 586 2213 648 al.
2261 587 2476 664 βυρῆν
2501 585 2651 642 male

362 672 518 748 vulg.
561 689 685 729 cum
727 670 801 728 V.
848 701 919 714 —
956 675 1029 728 20
1073 667 1295 750 βορέην
1334 667 1404 729 F.
1451 673 1514 725 et
1541 667 1739 744 vulgo.
1795 672 1996 750 βορῆν
2034 669 2178 726 male
2219 669 2424 728 Gaisf.
2463 669 2653 726 Bekk.

364 775 495 816 cum
530 756 592 814 S.
633 754 707 814 V.
750 785 839 798 ·--
892 759 965 813 25
1008 751 1233 834 βορέην
1274 751 1400 828 alii,
1443 750 1536 808 alii
1584 753 1782 831 βορῆν
1823 773 1950 810 cum
1991 751 2058 815 S.
2093 753 2185 826 V·‚
2232 753 2384 808 item
2429 757 2522 811 38.
2565 785 2650 794 -—

363 845 435 900 45
479 841 677 919 βορῆν
716 835 967 896 male-K.
1008 835 1235 916 βορέην
1277 833 1500 911 reliqui.
1543 865 1630 880 -—-
1667 840 1739 894 49
1779 833 2012 914 δέοντες
2050 830 2202 913 πρὸς
2245 837 2463 914 βορῆν
2513 831 2650 898 ἅνε-

362 944 483 1002 μον
520 939 672 981 nunc
712 920 870 996 vulg.
918 939 1045 978 cum
1085 921 1147 977 S·-
1189 919 1263 984 V.
1310 918 1387 976 K.
1428 914 1494 977 P.
1549 921 1655 977 sed
1697 921 1831 978 edd.
1878 927 2020 982 vett.
2064 925 2226 978 recte*
2259 919 2521 998 βορέην.
2564 953 2650 962 -

362 1007 518 1089 ῥέων
558 998 717 1082 πρὸς
757 1006 955 1084 βορῆν
995 999 1223 1080 ἔνεμον
1264 1021 1422 1060 nunc
1457 1002 1607 1061 male
1651 1023 1780 1060 cum
1821 1005 1897 1062 K.
1929 1006 2016 1072 S„
2044 1001 2272 1084 βορέην
2308 1005 2460 1064 edd.
2503 1011 2646 1062 vett.

362 1125 449 1140 —-
508 1085 662 1168 πρὸς
705 1089 902 1167 βορῆν
944 1085 1179 1169 ῥέοντες
1228 1103 1378 1145 nunc
1429 1086 1578 1145 male
1625 1107 1750 1144 cum
1797 1089 2002 1161 codd.‚
2049 1089 2150 1146 ubi
2193 1102 2270 1145 ex
2311 1089 2462 1144 edd.
2506 1095 2644 1146 vett.

360 1190 556 1233 verum
598 1168 823 1252 βορέην
866 1173 1253 1249 recipiendum
1292 1175 1435 1228 erat.
1474 1201 1565 1216 ·-·-
1627 1175 1728 1230 116
1773 1173 1968 1253 βορῆν
2011 1171 2156 1229 male
2197 1172 2264 1229 S.
2310 1170 2394 1230 V.
2447 1172 2530 1230 K.
2575 1171 2641 1230 P.

360 1253 587 1338 βορέην
627 1254 741 1312 alii.
788 1285 861 1296 -—-
909 1259 1015 1315 179
1055 1257 1258 1334 βορῆν
1287 1253 1470 1312 Gaisf.
1514 1253 1589 1312 al.
1630 1253 1776 1313 male
1819 1275 1944 1313 cum
1981 1255 2084 1330 K„
2125 1255 2232 1313 sed
2277 1254 2528 1335 βορέην
2552 1257 2644 1329 S„

356 1339 455 1400 ubi
500 1337 731 1416 quidem
772 1337 901 1400 cod.
935 1337 1007 1396 F.
1044 1337 1235 1398 Attice
1280 1341 1478 1418 βορᾶν
1505 1339 1794 1414 praebuit,
1835 1341 1994 1416 cujus
2037 1339 2246 1413 scriba,
2295 1341 2642 1418 nonplane

356 1424 623 1483 indoctus
664 1418 769 1500 (cf.
814 1422 1007 1480 Struv.
1050 1424 1235 1502 Spem·
1269 1421 1347 1495 11,
1397 1441 1454 1498 p.
1503 1423 1585 1497 7),
1629 1441 1798 1500 quum
1840 1431 1996 1481 recte
2039 1423 2310 1497 vidisset,
2373 1429 2490 1481 aut
2523 1427 2642 1506 βο-

357 1505 499 1588 ρέας
539 1506 631 1566 vel
674 1507 865 1586 βορᾶς
906 1507 1121 1584 (Popp.
1162 1506 1236 1564 ad
1279 1503 1541 1582 Xenoph.
1580 1505 1882 1580 Anab.‘V,
1924 1510 1980 1580 7,
2022 1511 2084 1582 7)
2127 1512 2227 1564 aut.
2269 1506 2640 1586 βορέης.ἀὶ-·

356 1591 629 1664 centlum,
668 1589 936 1666 nulloque
976 1591 1037 1649 in
1080 1610 1187 1648 usu
1230 1593 1580 1666 contractam
1605 1589 1846 1646 formam
1881 1592 2091 1669 βορῆς,
2127 1592 2330 1669 βορῆν
2371 1611 2534 1668 esse,
2577 1593 2636 1649 in

356 1695 428 1736 eo
468 1683 687 1735 tantum
730 1677 972 1748 erravit,
1034 1675 1193 1750 quod
1236 1673 1490 1732 formam-
1525 1671 1724 1730 Atticis
1761 1671 2003 1749 aliisque
2037 1673 2487 1750 relinquendam
2525 1695 2636 1732 no-

352 1765 479 1820 ntro
518 1758 786 1834 scriptori
822 1759 1083 1818 obtrusit.
1138 1759 1225 1802 '-—
1282 1755 1416 1814 vll.
1457 1758 1559 1814 189
1601 1754 1822 1836 βορέης
1861 1756 2107 1818 ἐπέπεσε
2149 1763 2306 1815 recte
2343 1759 2527 1820 codd.
2567 1760 2636 1817 S.

353 1839 426 1901 V.
468 1861 574 1920 pro
620 1844 813 1922 βορῆς
854 1841 1003 1900 male
1045 1841 1295 1918 vulgato.
1379 1839 1476 1897 IV.
1522 1845 1590 1898 18
1631 1834 1786 1917 πρὸς
1827 1840 2046 1921 βορέην
2087 1840 2220 1902 edd.
2261 1847 2411 1898 vett.
2480 1863 2638 1900 nnnc

350 1927 499 1984 male
538 1927 753 2005 βορῆν.
838 1925 919 1984 Ut
960 1925 1047 1984 his
1094 1927 1273 2000 igitur
1312 1925 1371 1982 in
1416 1923 1592 1996 locis,
1622 1924 1746 1982 ‘ubi
1779 1923 1898 1998 ja·
1952 1945 2096 1983 unus
2138 1930 2240 1981 aut
2277 1925 2438 1982 alter
2479 1926 2634 1984 liber·

351 2025 545 2064 veram
579 2010 917 2082 scripturam
960 2009 1231 2082 exhibuit,
1271 2007 1419 2066 hanc
1459 2007 1632 2066 alteri·
1664 2011 2100 2084 praeferendam
2133 2027 2262 2066 esse
2291 2028 2632 2085 censemus,

348 2090 435 2152 sic
475 2091 547 2148 iis
572 2091 634 2146 in
660 2088 832 2164 locis,
868 2089 967 2146 nbi
1007 2109 1084 2148 ne
1120 2093 1180 2148 in
1218 2111 1328 2151 uno
1370 2091 1601 2167 quidem
1639 2091 1786 2149 libro
1827 2094 2075 2168 genuina
2099 2094 2380 2150 retinetur
2413 2093 2630 2169 forma,

348 2178 534 2231 tamen
579 2171 725 2230 lianc
766 2173 1071 2231 restituere
1114 2175 1264 2232 haud
1306 2173 1706 2235 dubitabimus.
1737 2201 1741 2206 ·
1791 2178 1892 2233 Sic
1931 2175 1976 2234 I.
2001 2183 2040 2236 6
2078 2176 2178 2235 ubi
2213 2195 2420 2234 omnes
2465 2173 2632 2256 πρὸς

347 2251 1461 2422 ξερξε’..τνεὲςηῑενοξῡᾚς
1501 2258 1727 2422 ω.
2191 2255 2368 2420 περ.
2385 2262 2630 2423 ‘aar

344 2426 501 2506 ³85),
526 2425 763 2508 βορέην
805 2428 1008 2504 reponi
1050 2426 1253 2503 velim,
1296 2427 1430 2500 item
1471 2425 1518 2486 I.
1565 2431 1684 2487 174.
1743 2429 1846 2486 IV·
1887 2435 1976 2487 22.
2016 2434 2102 2488 31.
2145 2426 2270 2483 VII.
2315 2435 2448 2487 201.
2541 2430 2622 2488 Et

342 2505 464 2574 VI..
490 2517 563 2572 44
610 2511 830 2593 βορέης
870 2507 1092 2591 ἄνεμος
1132 2505 1241 2591 pro
1284 2513 1474 2590 βορῆς
1513 2511 1661 2571 male
1701 2512 1958 2588 vulgato,
2003 2519 2064 2570 et
2103 2511 2230 2568 vn.
2273 2516 2381 2570 189
2421 2512 2622 2590 Βορέ-

342 2619 423 2674 ην
469 2601 673 2673 quater
724 2617 833 2674 pro
878 2599 1118 2676 Βορῆν,
1176 2601 1237 2654 et
1292 2594 1498 2653 eodem
1557 2595 1746 2673 capite
1789 2615 1898 2672 pro
1951 2593 2180 2674 vulgato
2239 2599 2456 2672 Βορῆς
2501 2598 2622 2675 ἔχει

342 2685 603 2760 γυναῖκα
641 2672 943 2757 Ἀττικήν,
990 2678 1243 2760 Βορέης.
1329 2679 1414 2736 Ac
1455 2677 1711 2738 similiter
1752 2679 1822 2738 V.
1867 2684 1901 2740 7
1932 2673 2194 2758 Ἑρμέην
2230 2696 2342 2756 pro
2371 2673 2618 2783 Ἑρμῆν

340 2761 489 2822 male
540 2761 804 2836 vulgat03
861 2758 1050 2844 κυνέη
1094 2761 1398 2846 Κορινθίῃ
1439 2762 1536 2824 IV.
1581 2767 1686 2823 180
1725 2783 1832 2841 pro
1883 2765 2124 2840 uulgato
2167 2767 2350 2846 κυνῇ,
2387 2771 2457 2822 et
2501 2789 2618 2844 την

339 2842 615 2922 λεοντέην
655 2843 755 2902 IV.
792 2849 837 2904 8
882 2851 991 2921 p'ro
1046 2845 1279 2922 vulgato
1318 2850 1606 2924 λεοντῆνς
1662 2853 1720 2912 et
1763 2845 1963 2928 γαλέαι
2003 2847 2104 2904 IV:
2156 2850 2258 2905 192
2307 2867 2419 2924 pro
2481 2850 2614 2907 vul-

338 2932 475 3003 gato
514 2932 725 3006 γαλαῖ,
767 2927 924 3004 qnod
969 2927 1217 2987 Atticum
1260 2937 1350 2988 est
1407 2932 1480 2989 cf.
1525 2931 1636 2991 Th.
1683 2931 1835 3008 Mag.
1879 2951 1940 3010 p.
1983 2929 2051 2991 77
2091 2928 2403 3007 (Bitschel)
2449 2937 2616 3014 γαλῆ

335 3005 640 3083 Ἀττικὸν,
682 3001 761 3072 οὐ
805 3009 1004 3094 γαλέα.
1068 3013 1231 3072 Eust.
1274 3015 1347 3071 ad
1386 3015 1454 3076 11.
1496 3010 1551 3098 γ’
1589 3035 1648 3092 p.
1691 3019 1816 3075 374.
1853 3045 1941 3060 -—-·
1983 3015 2290 3074 Praeterea
2331 3013 2448 3086 τοὶς
2491 3041 2610 3093 μυ-

336 3091 554 3177 young·
584 3093 655 3160 ΙΙ.
698 3098 801 3171 67,
865 3095 961 3155 ubi
1012 3096 1108 3155 alii
1152 3115 1279 3158 cum
1322 3100 1449 3156 cod.
1491 3117 1544 3158 a.
1592 3099 1750 3156 male·
1799 3103 2070 3180 μυγαλᾶς
2108 3099 2295 3158 Attice
2339 3101 2604 3158 scribunt

333 3179 434 3259 (cf.
477 3177 661 3238 Piers.
700 3179 885 3244 Moer.
924 3203 992 3242 3.·
1014 3180 1095 3260 V.)
1140 3183 1243 3241 alii
1267 3183 1359 3260 (et
1386 3176 1617 3262 ‘Gaisf.)
1641 3177 1842 3260 'aeque
1883 3183 2246 3258 rejiciendum
2289 3177 2600 3264 μυγαλᾶςς

334 3266 462 3324 cod.
501 3263 569 3329 F.
613 3259 903 3348 μυγᾶλας.
941 3269 1021 3327 cf.
1063 3267 1213 3328 Lob.
1257 3265 1547 3344 Paralipp.
1587 3287 1649 3344 pa·
1675 3270 1796 3326 378.
1853 3267 2020 3325 Suid.
2049 3286 2096 3325 8.
2125 3285 2178 3323 v.
2231 3267 2393 3324 Bast-
2421 3270 2602 3346 epist.

332 3350 457 3408 crit.
500 3368 561 3427 p.
604 3356 726 3413 169.
794 3383 883 3402 —·-·
948 3353 1137 3413 Etiam
1172 3351 1470 3410 Nicander
1501 3350 1692 3410 Ther.
1737 3355 1844 3409 816
1869 3349 2058 3408 habet
2098 3349 2384 3430 μυγαλέη.
2472 3353 2600 3411 Sed

252 3431 255 3433 Α
330 3432 767 3494 Anaxandrides
805 3436 926 3513 (ap.
965 3436 1167 3493 Athen.
1206 3433 1334 3509 VH,
1373 3455 1434 3512 p.
1466 3438 1574 3494 300
1607 3433 1706 3511 Δ.)
1747 3433 1816 3497 έν
1849 3427 2093 3496 πόλεσι·
2131 3429 2410 3496 Arinates
2435 3428 2592 3517 παρ’

329 3509 473 3598 ὖμῖν
516 3513 773 3600 aurai-⁹5,
803 3509 966 3597 παρ’
1002 3517 1139 3597 ἐμοὶ
1180 3517 1247 3582 δέ
1268 3512 1347 3600 'y'
1380 3512 1494 3580 ὀῖἷ.
1539 3551 1619 3562 --·
1665 3511 1966 3598 ἀμφιδέας
1994 3518 2070 3576 11.
2099 3522 2170 3587 69
2199 3538 2399 3578 omnes
2431 3525 2600 3578 recte

327 3604 602 3678 scriptum
624 3602 910 3659 'exhibent
946 3621 982 3660 a
1022 3607 1166 3662 rect.
1198 3597 1492 3680 ἆμφιδέαι
1533 3603 1608 3662 cf.
1645 3609 1878 3681 praeter
1905 3602 2223 3678 Schweigh.
2264 3605 2304 3662 l.
2335 3602 2374 3660 l.
2420 3606 2598 3664 etiam

326 3682 656 3742 casaubon.
701 3681 1122 3748 Animadversa
1168 3686 1244 3745 ad
1295 3685 1503 3745 Athen.
1557 3687 1677 3763 IV,
1718 3691 1791 3747 27
1849 3687 2022 3764 (Pars
2063 3686 2182 3761 1113
2241 3693 2299 3764 p:
2340 3691 2450 3746 404
2491 3690 2590 3748 ed.

324 3764 815 3908 Schaefi).SLob.
860 3768 1149 3849 paralipp.
1200 3789 1263 3849 p.
1304 3774 1431 3830 236.
1473 3770 1782 3863 -Interppr,
1828 3771 2008 3848 Greg.
2048 3771 2186 3830 Cor.
2241 3772 2301 3828 d.
2349 3773 2408 3830 d.
2459 3771 2591 3831 Ion.

367 3903 383 3917 .
425 3856 549 3914 523.
622 3853 770 3914 uid.
812 3871 861 3917 ε.
906 3871 963 3916 v.
1102 3884 1155 3896 ··
1605 3893 1610 3898 -

322 3872 363 3930 p
490 3935 619 3993 Hac
658 3936 835 4011 igitur
875 3938 1163 3994 nominum
1204 3938 1583 3996 declinatione
1625 3937 2013 4018 considerata,
2057 3940 2294 4014 ejusque
2337 3940 2594 4015 genuina

320 4019 587 4074 restituta
625 4018 809 4077 forma
828 4058 849 4092 ‚
896 4020 974 4077 ad
1014 4021 1295 4095 genitivos
1309 4059 1330 4094 ,
1367 4022 1524 4078 unde
1561 4022 1822 4094 digressi.
1849 4039 2076 4096 sumus,
2129 4023 2592 4082 considerandos

320 4100 689 4157 revertamur.
774 4102 962 4170 Quum
1005 4101 1155 4160 enim
1196 4103 1383 4160 onnia
1421 4103 1496 4160 ad
1539 4103 1684 4171 hanc
1708 4104 1949 4180 primam
1979 4103 2418 4166 declinationem
2447 4125 2592 4184 per-
