2784 4567
375 88 466 155 90
987 90 1082 155 De
1122 90 1370 155 dialecto
1410 91 1749 155 Herodotes
1786 90 1883 157 lib.
1924 90 2007 157 11.

377 278 490 319 uno
533 258 591 319 in
631 257 764 318 loco
805 256 851 320 1.
881 262 985 321 183
1023 260 1217 321 omnis
1257 258 1445 321 adhuc
1486 258 1835 337 exemplaris
1860 253 2079 318 male'
2039 282 2199 323 oxon
2228 254 2462 323 odam
2488 280 2663 341 prae·

375 342 533 412 bent,
567 344 724 419 quod
767 344 979 416 statim,
1020 344 1278 421 quumvis
1319 342 1458 403 nihil
1492 344 1647 403 uliud
1692 362 1727 403 e
1770 344 1940 407 codd.
1980 344 2125 407 Mes.
2168 344 2241 403 sit
2284 346 2661 422 adnotatum,

375 426 434 485 in
489 421 964 487 Herodotenm‘'
927 450 1082 490 οκον
1129 429 1461 487 mutandum
1514 432 1626 486 est.
1712 428 1843 487 Nec
1882 434 2079 487 tamen
2134 434 2295 487 recte
2342 428 2660 490 Bekkerus

375 509 508 569 mihi
555 510 761 571 fecisse
801 510 1064 590 videtur,
1107 530 1277 588 quum
1328 513 1455 570 sine
1500 511 1673 569 codd.
1718 510 1866 573 Μαι.
1908 513 2249 571 anctoritate
2294 511 2367 571 V.
2416 518 2495 573 13
2540 515 2660 572 vul-

375 600 569 671 gatum
607 587 892 693 οιιοδαπή
935 594 1047 672 (sic
1085 594 1165 654 M.
1197 596 1269 654 P.
1303 595 1387 655 K.
1415 594 1486 659 F.
1527 626 1617 638 ——
1656 590 1909 697 ποδαπη
1948 594 2081 655 Ald.
2122 595 2194 654 V.
2236 593 2313 652 A.
2353 596 2422 653 d.
2470 620 2659 659 ποτα-

373 676 482 740 ποὶ
516 677 658 755 S.·)
643 696 700 737 m
743 674 1018 759 ἆκοδαπὴ
1061 683 1122 736 et
1160 678 1262 752 IX,
1289 683 1324 738 6
1367 674 1677 751 ὁποδαπός
1718 680 1779 736 ἰιι
1820 670 2127 753 ὅκοδαπός
2166 680 2444 756 mutavit,
2484 701 2656 759 quum

373 760 572 820 idem
557 780 683 840 ipse
720 764 1011 841 vulgatum
1038 757 1316 835 undantis
1354 762 1507 841 (VII.
1538 762 1693 838 218),
1736 762 1888 820 unde
1930 768 2123 822 tamen
2152 760 2301 821 banc
2328 763 2655 823 litterarum

375 847 849 921 permutationem
890 846 1204 925 profectam
1241 865 1371 905 esse
1412 846 1794 924 oportuisset,
1846 846 2122 904 intactum
2170 845 2503 923 reliquerit.
2584 850 2657 907 Et

372 928 434 985 id
476 930 696 1032 ipsum,
749 930 908 1009 quod
956 931 1144 990 adhuc
1189 948 1223 989 e
1275 929 1431 989 nullo
1474 930 1675 987 codice
1714 932 2103 1006 manuscripto
2144 928 2332 988 forma
2374 926 2654 1005 κόδαπος

373 1018 476 1072 aut
517 1006 820 1087 ὅκόὸαπος
859 1020 948 1075 est
987 1015 1184 1088 allata,
1231 1014 1405 1075 docet
1438 1014 1607 1073 alium
1648 1013 1849 1071 horum
1889 1033 2064 1091 quam
2102 1012 2326 1071 illorum
2360 1018 2653 1075 rationem

374 1114 504 1153 esse
523 1134 543 1169 ,
601 1116 939 1176 quamquam
986 1098 1139 1157 haud
1183 1098 1388 1174 ignoro
1434 1102 1493 1155 et
1542 1096 1896 1172 antiquiores
1942 1103 2000 1155 et
2044 1098 2401 1156 recentiores
2462 1120 2652 1175 gram-

373 1178 636 1253 maticos,
677 1182 783 1239 etsi
827 1180 886 1239 in
928 1180 1276 1278 posteriore·
1289 1180 1490 1241 horum
1529 1178 1932 1239 vocabulorum
1959 1188 2125 1258 parte
2154 1180 2487 1243 derivanda
2508 1186 2653 1241 inter

375 1279 440 1319 se
485 1262 795 1364 dissident,
847 1270 1035 1322 tamen
1088 1263 1146 1321 in
1189 1265 1382 1342 priore
1421 1264 1761 1342 pronomina
1802 1262 2215 1339 interrogativa
2267 1264 2363 1322 vel
2408 1268 2650 1325 relativa

373 1346 533 1417 ποῦ’,
579 1368 770 1415 οιτον,
812 1343 1030 1421 πόθεν,
1073 1348 1256 1409 ποίου
1298 1347 1503 1423 latere,
1542 1366 1743 1405 omnes
1788 1348 2127 1408 consentire.
2214 1346 2345 1407 Nec
2388 1368 2649 1428 unquam

373 1427 624 1488 arbitror
667 1432 982 1510 scriptores
1025 1431 1362 1491 recentioris
1404 1432 1582 1491 Iados
1622 1430 1871 1509 πηλίκος
1911 1436 2012 1489 aut
2052 1424 2338 1509 οκηλίκος
2377 1452 2502 1509 pro
2538 1460 2653 1513 πη-

371 1512 568 1589 λίκος,
609 1509 926 1595 ὁπηλίκος,
965 1535 1206 1594 quorum
1243 1516 1470 1593 quidem
1508 1516 1585 1574 de
1624 1514 1980 1573 derivatione
2016 1514 2169 1575 nulla
2202 1520 2297 1574 est
2338 1517 2653 1595 dubitatio,

375 1616 940 1762 Ιιδι11,ΡέιίΜΙΞὶῳιίιίιιεε
982 1686 1131 1741 inter
1174 1703 1237 1742 se
1280 1660 1706 1761 permutantur,
1743 1701 1873 1740 nam
1916 1680 2206 1761 κλίβανος
2234 1682 2653 1789 Herodot.11;

235 1746 252 1769 ‘
371 1768 444 1825 92
487 1769 628 1826 dixit
667 1789 772 1845 pro
815 1770 1142 1871 κρίβανος,
1205 1768 1279 1831 cf.
1313 1768 1477 1830 Eust.
1520 1766 1695 1823 Hom.
1746 1786 1807 1843 p.
1845 1768 1977 1862 975,
2020 1772 2088 1824 52
2142 1808 2229 1818 --.
2269 1770 2402 1843 973,
2452 1774 2529 1827 32
2576 1764 2653 1831 ον’

372 1845 566 1927 μόνον
611 1852 892 1932 κλίβανος
934 1846 1038 1912 δια
1079 1855 1189 1910 τοῦ
1235 1856 1288 1922 λ,
1329 1874 1414 1922 ως
1455 1842 1608 1927 παρ’
1646 1841 1981 1929 Ἡροδότῳ,
2036 1841 2187 1910 ἄλλα
2231 1849 2338 1911 καὶ
2382 1850 2499 1913 διὰ
2540 1876 2649 1917 τον

371 1934 461 2007 ἆοιῖ
505 1928 817 2007 Ἀττικοῖς,
879 1934 1008 1995 coll.
1068 1953 1196 1991 cum
1241 1934 1451 1994 Athen.
1504 1934 1621 2007 111,
1666 1951 1724 2011 p.
1772 1940 1876 1992 110
1916 1934 1968 1990 C
2025 1939 2085 1991 et
2126 1931 2275 1991 Lob.
2316 1934 2544 2011 Pin-yn
2596 1959 2650 2015 p.

375 2020 494 2075 179.
535 2048 622 2059 -
661 2018 966 2077 Praeterea
1003 2018 1182 2099 λίτρῳ
1222 2017 1295 2074 ΙΙ.
1322 2023 1393 2076 86
1438 2012 1839 2096 (ταριχενονσι
1878 2016 2087 2101 λίιρω)
2124 2022 2279 2076 recte
2322 2036 2487 2078 nnnc
2528 2022 2651 2079 vul-

373 2103 544 2173 gutur
579 2118 705 2158 cum
749 2102 922 2164 codd.
963 2100 1041 2157 Μ.
1084 2100 1150 2159 Ρ.
1195 2101 1275 2163 Κ.
1321 2100 1393 2163 F.
1438 2122 1513 2171 a.,
1556 2102 1655 2159 ubi
1698 2102 1927 2178 quidem
1969 2077 2139 2164 codd.
2168 2101 2232 2160 S.
2274 2100 2343 2162 P.
2390 2122 2451 2161 c.
2490 2105 2551 2162 b.
2592 2108 2649 2165 d.

372 2183 429 2237 in
467 2182 648 2264 νίτρῳ
688 2184 1046 2257 aberrarunt,
1088 2184 1244 2260 quod
1283 2202 1418 2242 vere
1458 2184 1791 2245 Lobeckius
1834 2186 1907 2243 ad
1950 2184 2165 2259 Phryn.
2208 2204 2267 2262 p.
2287 2190 2393 2245 305
2432 2190 2653 2247 asserit

371 2244 716 2325 Alexandri
737 2268 964 2327 demum
1004 2268 1356 2345 temporibus
1398 2270 1638 2329 evicisse
1695 2267 1851 2345 (vide
1896 2275 1954 2325 et
1996 2268 2179 2327 Piera.
2214 2267 2394 2328 Moer.
2436 2292 2507 2349 p.
2549 2278 2653 2332 246

371 2355 430 2408 et
485 2353 889 2427 grammaticos
933 2372 970 2411 a
1009 2352 1196 2411 Maitt.
1239 2355 1471 2431 (Sturz)
1508 2374 1568 2432 p.
1612 2359 1648 2412 4
1685 2349 1975 2427 laudatos)
2017 2370 2195 2429 quare
2243 2358 2304 2411 et
2337 2354 2417 2413 II.
2462 2361 2545 2418 87
2586 2380 2653 2418 το

369 2436 572 2517 λίτρον
605 2457 730 2497 οιιιιι
775 2438 943 2499 codd.
985 2437 1058 2496 F.
1089 2455 1144 2496 a.
1186 2437 1549 2497 retinendum
1590 2442 1701 2513 est,
1748 2455 1936 2513 neque
1980 2456 2107 2494 cum
2146 2435 2269 2496 aliis
2308 2444 2369 2496 et
2412 2442 2559 2499 cod.
2590 2443 2652 2498 S.

369 2522 577 2603 νίτρον
613 2506 2159 2585 scribendum..

539 2606 790 2665 Media
857 2613 936 2667 et
995 2606 1290 2665 Tenuis
1345 2604 1691 2681 ejusdem
1750 2608 2097 2673 naturam
2170 2604 2255 2661 sic
2292 2602 2651 2666 Herodotus

367 2688 510 2745 dixit
553 2686 824 2763 κναφεύς
861 2697 922 2748 et
959 2686 1272 2767 κναφήϊον
1313 2690 1414 2749 IV.
1456 2694 1560 2764 14,
1609 2706 1717 2765 pro
1768 2707 1882 2764 quo
1932 2685 2103 2746 Attici
2149 2710 2456 2771 γναφενς,
2504 2714 2649 2771 γνα-

367 2776 550 2843 φεῖον
593 2772 790 2829 dicere
843 2772 1196 2846 maluerunt,
1255 2773 1330 2835 cf.
1371 2773 1526 2832 Lob.
1572 2771 1665 2847 Aj.
1721 2789 1809 2829 vs.
1854 2776 1991 2831 1031
2043 2776 2102 2829 et
2154 2774 2572 2847 gramma-ticos
2617 2795 2652 2836 a

365 2852 555 2912 Maitt.
601 2852 832 2933 (Stura)
871 2873 932 2932 p.
969 2860 1008 2915 3
1057 2856 1337 2916 laudatos.
1400 2890 1475 2901 -—·
1536 2856 1843 2914 Praeterea
1884 2854 1929 2917 Ι.
1974 2858 2043 2915 92
2094 2853 2194 2917 ἐπὶ
2246 2850 2507 2931 κνάφου
2552 2860 2650 2922 ἕλ-

366 2958 491 3001 κων
535 2938 686 3015 vplg.
729 2958 914 3009 nunc,
957 2944 1020 2998 et
1053 2942 1136 2997 sic
1167 2941 1281 3002 lex.
1321 2940 1543 3001 Herod.
1584 2938 1833 3013 Hesych.
1876 2939 2038 2997 Suid.
2124 2940 2277 2997 Olim
2318 2945 2650 3020 κναφηΐον

365 3020 514 3079 male
543 3022 869 3099 vulgatnm3
909 3017 1154 3126 γ’νᾶφου
1183 3021 1330 3088 Plut.
1357 3021 1781 3100 Wyttenbachii
1816 3043 1879 3122 p.
1906 3028 2013 3083 858
2041 3022 2133 3099 Ε.,
2177 3024 2269 3083 ubi
2310 3024 2453 3083 edd.
2501 3035 2648 3087 vett.

365 3126 595 3183 ναφου,
636 3106 840 3208 Stepb.
881 3105 1104 3187 τάφου.
1167 3109 1242 3168 cf.
1297 3114 1358 3166 et
1400 3107 1783 3167 Eust.ad1}.
1826 3099 1872 3167 λ’
1918 3064 2139 3184 p.854'.
2207 3140 2293 3151 ·—-
2359 3108 2493 3166 Sed
2535 3112 2648 3171 ΙΙΙ.

367 3194 472 3250 108
497 3185 909 3274 καταγνάφων
938 3196 1229 3270 vulgatum
1255 3198 1350 3251 est
1377 3212 1503 3251 cum
1524 3194 1587 3250 S.
1572 3231 1616 3268 .,
1654 3209 1825 3267 quem
1853 3192 1927 3249 ad
1956 3192 2141 3249 locum
2168 3192 2297 3250 vide
2322 3192 2647 3274 Interppr„

369 3275 464 3336 ubi
493 3279 724 3353 quidem
765 3280 906 3338 edd.
945 3284 1082 3337 vett.
1117 3273 1527 3376 καταγράφων
1567 3275 1715 3333 male
1752 3274 2041 3335 exhibent.
2105 3305 2195 3323 --
2256 3274 2541 3337 Similiter
2586 3284 2651 3339 et

276 3363 279 3368 '
364 3358 478 3414 slii
502 3366 562 3415 et
599 3366 796 3429 noster
840 3363 1102 3421 dixerunt
1143 3354 1437 3441 κάμπτειν
1466 3379 1573 3438 pro
1616 3350 1951 3460 γνάμπτειν
1995 3358 2122 3436 (vel
2156 3352 2525 3440 κνάμπτειν)
2570 3362 2649 3421 cf.

365 3440 464 3503 [V.
503 3447 592 3501 42.
635 3448 728 3505 43.
769 3443 893 3507 Vn..
942 3452 1067 3509 122.
1113 3449 1239 3505 193.
1283 3446 1410 3512 Vu-
1452 3450 1539 3505 58.
1590 3437 1804 3525 nummi
1842 3443 2051 3508 1.185.
2106 3444 2177 3505 αἱ
2208 3442 2555 3523 ἕπικαμπαί
2596 3448 2645 3506 1.

367 3528 491 3583 180.
529 3558 619 3572 --·
659 3520 1036 3605 α’ναιωὲμπτει
1077 3528 1152 3588 11.
1191 3532 1248 3592 8.

528 3608 832 3670 Tenues
869 3618 942 3671 et
981 3612 1418 3693 Aspiratae:
1462 3612 1561 3672 Sic
1600 3610 1945 3673 Herodotus
1978 3618 2307 3671 constanter
2342 3612 2495 3671 dixit
2539 3612 2643 3675 δὲ-

359 3712 548 3781 ιιομαι
585 3712 693 3771 pro
750 3692 1014 3797 δέχομαι,
1057 3702 1116 3755 et
1155 3692 1615 3767 καταδέκεσθαι,
1648 3696 2119 3779 παραδέκεοῡαι,
2164 3692 2646 3775 προσδέκεσθαι,

361 3770 732 3851 adiit-wilm,
765 3772 1177 3843 ὖποδέκεσθαι.
1216 3785 1274 3838 et
1303 3771 1743 3852 ἄποδέκεσθαιξ
1781 3799 1931 3859 qnae
1966 3782 2155 3841 omnia
2186 3782 2371 3839 recte
2372 3782 2461 3839 sic
2489 3803 2647 3841 nunc

359 3861 574 3942 ubique
601 3862 944 3938 scribuntur,
989 3866 1156 3923 etiam
1199 3863 1298 3921 ubi
1337 3865 1431 3921 alii
1474 3866 1643 3924 codd.
1670 3866 1816 3923 Mss.
1858 3865 1983 3922 vei
1996 3865 2141 3923 aliae
2184 3865 2475 3923 editiones
2521 3869 2645 3925 vul-

361 3962 558 4019 garem
595 3942 836 4005 fol-mm
865 3948 1107 4027 δέχομαι
1135 3950 1551 4025 praebuerant,
1594 3950 1678 4005 sic
1720 3950 1766 4006 1.
1809 3954 1916 4007 204
1956 3948 2255 4009 ἐκδέκεται
2294 3968 2451 4009 nunc
2486 3952 2641 4027 vulg.

361 4041 491 4085 cun
525 4028 607 4091 Μ.
645 4031 714 4089 F.
749 4030 825 4093 K.
863 4033 926 4089 S.
977 4028 1158 4087 Paris.
1245 4030 1356 4089 Alii
1399 4032 1707 4108 ἐκδέχεται.
1795 4032 1845 4091 l.
1884 4036 1954 4089 89
1994 4031 2443 4110 προσδέκεσθαι
2486 4036 2644 4109 vulg.

361 4110 797 4191 προσδέχεσθαι
839 4114 1052 4191 steph.
1093 4112 1204 4173 alii.
1247 4144 1331 4159 -·-
1373 4114 1475 4172 ΙΙΙ.
1518 4118 1605 4175 39.
1646 4107 1967 4194 fiendam*
2008 4116 2163 4193 v.ulg
2200 4112 2535 4195 δεχόμενος
2576 4118 2647 4177 F.
