2784 4567
755 135 846 198 De
889 135 1134 219 diolecto
1176 137 1513 198 Herodotcn
1535 137 1644 210 ms.
1686 137 1771 216 11.
2312 139 2401 200 99

97 307 354 384 πλῆμαι
383 302 467 366 ’δέ
508 303 624 366 εἰσι
655 297 836 382 πάθη
875 299 1213 383 θαλάσσης,
1255 325 1313 366 ιι.
1335 325 1386 364 τ.
1408 309 1461 366 λ.
1506 320 1579 348 ⁴-
1628 303 1835 382 Neque
1876 305 2141 383 equidem
2176 307 2399 382 dubito,

99 391 252 466 quin
294 389 630 448 Herodotus
667 407 896 465 quoqne
937 389 1054 450 isto
1091 389 1156 448 in
1199 395 1461 450 veterum
1488 407 1727 449 numero
1764 389 2059 449 habendus
2100 393 2210 468 sit,
2256 395 2397 454 scri·

106 475 502 550 bendumque·
530 472 680 532 VIII.
722 476 827 534 129
867 475 1203 553 πλημυρίς,
1247 473 1493 551 sinplici
1533 469 1606 554 ᾖ,
1666 493 2005 552 quamquam
2046 495 2399 556 propsroxy-

98 558 352 617 tonesin
391 558 564 616 istam
603 577 756 634 nego
799 558 1192 618 Herodotenm
1254 576 1403 617 esse.
1488 557 1641 617 Nam
1694 559 1755 616 in
1814 579 1927 618 uno
1986 559 2083 620 illo
2124 581 2195 620 ex
2236 560 2399 642 πλήν

97 643 444 720 composito
505 642 779 700 vocabulo
835 637 1214 722 πλημμελής,
1275 640 1633 722 πλημμελέω
1692 641 1869 702 habet
1900 640 2066 722 πλήν
2103 647 2399 708 notionem

93 731 227 788 τοῦ
271 727 453 807 χωρίς
517 723 678 802 (vide
710 728 944 802 Fragm.
987 728 1096 786 lex.
1139 719 1342 788 Graec.
1406 729 1465 786 in
1496 727 1697 787 Herm.
1756 727 1831 786 de
1874 729 2096 792 eme-d.
2130 749 2215 807 01).
2262 733 2397 812 336)

91 831 304 887 neque
335 829 464 874 cum
496 813 809 891 πλημυρίς.
839 817 929 870 est
968 813 1443 890 componendum.
1528 813 1842 874 Praeterea
1860 809 2227 892 Πλημύριον
2240 819 2399 894 apud

102 895 324 972 Steph.
347 895 491 972 Byz.
534 917 583 953 s·
607 916 661 958 v,
699 891 807 974 'per
845 895 1082 974 simplex
1119 895 1165 973 ῐὶ
1204 897 1479 974 scriptum
1520 901 1733 972 exstat,
1780 902 1846 954 ut
1888 899 1945 956 in
1970 899 2129 974 Virg.
2150 899 2395 962 Aeneid.

95 979 211 1040 III.
257 983 366 1039 693
406 981 628 1038 duobos
669 981 724 1038 in
762 979 922 1040 libris
965 981 1252 1058 scriptura
1295 981 1638 1056 Plemyrium
1673 981 1957 1060 reperitur
2006 982 2169 1058 (vide
2208 983 2395 1060 Heyn.

95 1065 182 1122 ad
207 1063 362 1122 illum
394 1065 538 1142 loc.)
579 1071 641 1122 et
674 1067 830 1144 opud
853 1065 910 1122 T
911 1065 1118 1142 hucyd.
1151 1065 1304 1140 (VII.
1325 1072 1415 1128 22.
1454 1071 1542 1128 23.
1586 1071 1677 1125 24.
1717 1072 1787 1125 25
1830 1073 1891 1124 et
1931 1065 2091 1146 alibi)
2136 1063 2397 1148 Πλημύ-

97 1171 248 1228 ριον
271 1148 562 1224 vulgatum
581 1153 690 1208 est.
705 1183 792 1194 --
811 1149 933 1222 Sed
952 1144 1236 1230 κρόμμυα
1256 1151 1465 1228 duplici
1486 1149 1527 1231 ᾗ
1548 1152 1821 1228 scriptum
1840 1152 1992 1228 apud
2012 1159 2271 1212 nostrum
2289 1153 2393 1218 lv.

93 1237 178 1294 17
191 1241 403 1308 exstat,
421 1235 551 1292 utin
573 1233 1190 1311 AristophEcclesas·
1205 1239 1310 1296 307
1331 1230 1447 1296 δύο
1468 1230 1787 1316 κρομμύω,
1805 1233 2254 1314 Xenoph.Anab.
2269 1237 2391 1303 vn.

93 1327 162 1392 1,
211 1321 282 1376 37
320 1314 650 1397 κρομμύων
689 1319 812 1394 (ubi
856 1319 988 1377 vide
1021 1317 1411 1398 Popponem).
1454 1321 1641 1389 Quam
1683 1319 2157 1397 scriptia-awai·
2174 1319 2391 1382 Pmo-

89 1404 232 1460 vius
275 1403 334 1474 in
373 1403 482 1460 la.
519 1421 608 1477 gr.
651 1421 701 1460 s.
737 1421 790 1464 v.
835 1403 1181 1462 deteriorem
1219 1405 1401 1475 fnisse
1434 1405 1679 1479 dixerit,
1737 1405 2001 1481 equidem
2040 1423 2155 1464 non
2198 1407 2392 1485 video,

95 1505 286 1563 quum
322 1486 515 1546 mustis
571 1489 628 1544 in
671 1487 816 1545 locis
849 1487 1224 1565 probatorum
1268 1489 1610 1566 scriptorum
1658 1490 1833 1551 codd.
1868 1489 2012 1550 Mas.
2051 1489 2396 1550 auctoritate·

93 1571 204 1628 illa.
237 1573 572 1645 retinentur,
597 1583 944 1648 quamquam
979 1574 1043 1630 in
1061 1573 1296 1632 Homeri
1321 1573 1665 1632 carminibus
1698 1566 1967 1653 κρόμυον
2002 1592 2109 1650 per
2148 1575 2389 1652 simplex

91 1655 140 1732 ᾗ
189 1657 465 1734 scriptum
505 1657 810 1735 reperitur.
873 1655 990 1732 (11.
1015 1663 1106 1733 11,
1141 1662 1265 1718 630.
1317 1657 1435 1718 Od.
1470 1661 1563 1734 19,
1598 1656 1753 1734 263.)
2014 1683 2017 1688 ·

275 1779 367 1838 De
407 1782 690 1862 scriptura
731 1782 976 1840 nominis
1018 1781 1236 1861 ψέλιον
1297 1803 1415 1840 non
1471 1781 1529 1840 in
1573 1779 1921 1840 Herodoteis
1962 1779 2147 1838 solum
2202 1779 2386 1856 libris,

93 1865 211 1924 sed
256 1865 317 1923 in
356 1865 481 1924 aliis
525 1867 702 1924 etiam*
738 1866 928 1924 m'ultis
973 1887 1148 1946 saepe
1189 1888 1225 1925 a
1260 1864 1509 1925 librariis
1549 1869 1797 1923 erratum
1832 1867 1958 1933 est3
2004 1881 2172 1942 quam
2208 1865 2389 1922 ambi-

85 1951 374 2028 guitatem
401 1951 620 2009 collatis
653 1952 882 2028 optimis
933 1952 1224 2011 codicibus
1264 1949 1689 2026 adjuvanteque
1725 1953 2026 2026 poetarum
2071 1967 2201 2022 usu,
2236 1967 2386 2008 nunc

88 2037 186 2092 ita
233 2035 383 2092 docti
433 2035 537 2092 viri
581 2041 990 2110 coercuerunt,
1054 2041 1116 2093 ut
1153 2041 1253 2092 tuo
1287 2035 1393 2091 tibi
1431 2035 1564 2111 jure
1608 2035 1858 2090 statuere
1896 2050 2073 2110 posse
2116 2033 2385 2110 videariS,

87 2119 259 2198 apud
301 2119 582 2178 Herodot.
623 2121 880 2195 aliosque
921 2119 1234 2196 scriptores
1295 2138 1525 2197 semper
1579 2116 1690 2174 hoc
1731 2135 1937 2175 nomen
1982 2135 2092 2196 per
2134 2137 2305 2177 unum
2347 2118 2383 2180 λ

86 2193 312 2261 rectius
353 2205 696 2262 exarandum
739 2221 889 2260 esse.
965 2201 1112 2260 Vide
1153 2202 1223 2262 L.
1269 2202 1539 2268 Dindorf.
1582 2201 1660 2260 ad
1695 2199 1959 2278 Xenoph.
2002 2199 2181 2260 Anab.
2224 2201 2273 2278 Ι,
2324 2209 2381 2278 2,

81 2291 190 2361 27,
236 2282 565 2366 Popponem
611 2288 685 2344 ad
708 2285 971 2364 Xenopb,
994 2285 1206 2368 Cyrop.
1251 2285 1298 2356 1,
1321 2293 1380 2363 3,
1421 2294 1456 2346 2
1496 2293 1556 2344 et
1597 2305 1741 2363 quos
1776 2285 1867 2346 hic
1886 2286 2157 2363 laudavit,
2198 2285 2378 2346 Piers.

83 2372 320 2448 Meet„
359 2368 474 2430 Th.
519 2369 698 2448 Mag,
741 2369 959 2428 Schaef
982 2372 1057 2428 ad
1079 2371 1253 2430 Dion.
1297 2370 1424 2430 Hal.
1466 2371 1541 2428 de
1564 2369 1836 2447 Compos.
1877 2369 2052 2433 Verb.
2092 2390 2145 2434 c.
2180 2375 2267 2434 14.
2292 2405 2379 2418 --

85 2455 322 2516 Sinten.
360 2457 432 2513 ad
490 2455 638 2512 Plut.
681 2453 961 2515 Themist.
1003 2475 1065 2533 p.
1107 2458 1230 2516 11⁴⁷.
1309 2453 1496 2512 Bekk.
1540 2453 1759 2515 Anecd.
1817 2451 1868 2526 Ι,
1909 2473 1969 2534 p.
2008 2457 2132 2528 116,
2172 2461 2227 2512 2.
2296 2449 2381 2513 Et

83 2541 253 2620 apud
295 2545 552 2597 nostrum
598 2534 824 2612 quidem
870 2535 1051 2612 ψέλια
1092 2537 1194 2600 ΙΠ.
1234 2545 1305 2598 22
1360 2539 1486 2600 sine
1538 2535 1655 2594 ulla
1700 2539 1933 2594 enotata
1972 2536 2251 2594 varietate
2294 2539 2379 2595 sic

84 2625 374 2702 scriptum
422 2622 665 2698 legitur,
719 2621 826 2678 sed
859 2619 962 2680 ΠΙ.
1005 2628 1078 2680 20
1133 2619 1316 2699 ψέλια
1355 2639 1507 2678 nunc
1550 2619 1777 2696 quidem
1821 2617 1973 2694 vulg.
2016 2637 2145 2679 cum
2183 2619 2266 2681 M.
2311 2619 2379 2680 P.

81 2709 172 2766 Κ.
216 2707 288 2764 F.
328 2707 391 2765 S.
439 2705 504 2761 V.
547 2725 620 2774 a„
684 2703 816 2763 olim
861 2711 1049 2763 autem
1093 2725 1218 2762 cum
1252 2705 1378 2764 cod.
1435 2724 1483 2766 c.
1523 2699 1774 2778 ψέλλια,
1831 2709 1891 2760 ut
1935 2703 2106 2760 etiam
2164 2701 2263 2766 ΠΙ.
2305 2709 2377 2764 22

80 2794 152 2850 in
191 2791 400 2848 Aldina
437 2775 658 2866 ψέλλια
697 2789 970 2868 scriptum
999 2789 1214 2870 'esstat
1274 2789 1375 2865 IV,
1418 2793 1522 2849 168
1558 2785 1774 2868 ψέλιον
1816 2785 1970 2864 vulg.
2017 2807 2141 2846 cum
2184 2785 2264 2847 M.
2302 2787 2373 2848 Ρ.

83 2875 176 2934 Κ.
209 2875 282 2937 V.
323 2876 386 2938 S.
419 2875 486 2933 F.
533 2874 587 2937 b.
631 2873 688 2933 d.
732 2871 986 2954 ψέλλιον
1027 2891 1079 2935 a.
1123 2896 1172 2939 c.
1220 2870 1318 2941 IX.
1356 2879 1431 2934 80
1468 2873 1667 2954 ψέλια,
1712 2873 1795 2934 sic
1842 2872 1902 2933 S.
1946 2872 2015 2935 P.
2046 2869 2118 2932 F.
2154 2871 2375 2951 ψέλλια

83 2979 152 3024 a.
195 2960 251 3017 b.
301 2991 374 3002 -—
423 2953 835 3041 ψελιοφὸρους
876 2957 1033 3021 VIII.
1071 2965 1176 3022 113
1222 2957 1489 3028 exhibent
1530 2977 1749 3021 omnes.
1784 2989 1872 3003 —
1913 2955 2005 3016 De
2049 2959 2371 3040 Σαρδανα-

79 3038 326 3106 πάλλου
361 3041 437 3103 Π.
475 3051 580 3106 150
645 3046 798 3124 apud
842 3053 1100 3106 nostrum
1155 3044 1330 3122 vulgo
1374 3063 1500 3103 cum
1544 3043 1713 3106 codd.
1758 3039 1843 3106 M.
1884 3041 1959 3101 Κ.
2004 3041 2069 3104 Ρ.
2118 3064 2224 3124 per
2264 3064 2370 3120 ge—

80 3130 362 3188 minatum
401 3133 436 3190 λ
479 3129 718 3206 scripto,
759 3123 1273 3210 (Σαρδαναπάλου
1309 3129 1403 3208 S.)
1442 3124 1597 3208 apud
1638 3125 1782 3185 alios
1818 3134 2007 3192 autem
2040 3147 2149 3206 per
2196 3149 2367 3188 unum

79 3220 144 3286 λ,
185 3210 318 3272 vide
355 3213 545 3274 Naek.
593 3211 847 3272 Choeril.
887 3233 948 3292 p.
997 3218 1101 3276 196
1141 3235 1271 3292 sqq.
1334 3214 1394 3272 et
1437 3211 1625 3274 Baehr
1668 3213 1831 3273 ctes.
1876 3205 2105 3290 Reliqq.
2144 3234 2203 3291 p.
2240 3219 2364 3275 430.

77 3298 248 3364 Suid.
293 3318 345 3372 β..
388 3297 471 3382 v'v'.
517 3289 769 3380 ἆγχιᾶλη
808 3303 868 3358 et
907 3291 1222 3380 Ἀ’ρβιὲκης.
1252 3333 1336 3342 -

257 3424 659 3484 consonantes
697 3425 984 3501 quaedum
1017 3426 1068 3484 si
1109 3443 1238 3486 cum
1275 3423 1420 3482 aliis'
1442 3427 1789 3484 concurrunt
1836 3420 1923 3482 vol
1964 3420 2053 3480 his
2092 3439 2223 3482 sose
2266 3436 2363 3482 ac-

77 3509 444 3569 commodant
481 3511 656 3568 certis
687 3519 758 3568 ex
797 3509 1042 3586 legibus,
1084 3509 1178 3570 vel
1215 3510 1569 3586 iqmutotsff
1588 3503 2005 3582 relinquuntur.
2090 3505 2189 3566 Sic
2223 3523 2364 3568 συσ·

77 3595 244 3656 σίτια
284 3593 332 3652 I.
371 3597 440 3651 65
479 3599 538 3654 et
583 3587 862 3670 σύσσιτος
903 3595 976 3654 V.
1011 3599 1103 3656 24.
1151 3595 1269 3652 Sed
1315 3585 1827 3670 συστρατεύεσθαι
1868 3588 1935 3646 V.
1972 3594 2063 3650 44.
2106 3589 2227 3652 v11.
2272 3597 2371 3651 18ae

75 3686 166 3742 52.
213 3682 284 3737 66
325 3686 384 3736 et
427 3677 578 3754 alibi.
617 3682 1016 3740 συστασιῶται
1055 3679 1123 3736 V.
1153 3683 1242 3738 70.
1281 3669 1643 3741 συσπεύδων
1668 3674 1715 3735 I.
1746 3679 1833 3736 92.
1858 3668 2163 3751 συστήσας
2187 3675 2230 3734 I.
2256 3681 2364 3734 103

75 3770 138 3823 et
181 3761 336 3825 alibi.
395 3761 834 3841 συστραφέντες
869 3762 972 3820 IV.
1011 3767 1135 3826 136.
1166 3763 1264 3820 VI.
1297 3768 1352 3824 6.
1379 3795 1469 3808 --
1508 3752 1907 3838 συζευγνύναι
1944 3758 2041 3816 IV.
2078 3761 2199 3818 189.
2238 3760 2379 3818 Sed·

69 3839 493 3928 προσσχόντας
532 3847 578 3907 1.
623 3853 657 3906 2
700 3845 924 3922 alia'que
971 3847 1254 3923 ejusmodi
1293 3847 1522 3924 quidam
1566 3844 1817 3904 scribere
1856 3843 2069 3916 solent,
2113 3841 2361 3902 fortasse

71 3955 148 3993 ne
188 3933 662 4011 praepositiones.
693 3925 814 4012 πρό
840 3937 930 3990 et
959 3925 1114 4007 πρός
1151 3930 1569 3993 confundantur
1609 3927 1713 4005 (cf.
1758 3926 2003 4003 Etymol.
2048 3926 2201 3998 Mag.
2233 3927 2360 3996 700,
2430 3992 2439 3998 ,

70 4020 168 4097 16)
217 4030 558 4094 quamquam
601 4011 970 4095 προσχόντας
1014 4014 1110 4092 (ex
1149 4037 1303 4094 προς
1342 4021 1401 4072 et
1439 4011 1549 4092 ἔχω
1584 4005 1993 4090 compositum)
2034 4008 2255 4082 aliaque
2298 4007 2357 4062 in

71 4103 266 4162 Codd.
313 4102 454 4164 Mss.
508 4101 628 4163 fere
675 4105 1005 4167 constanter
1046 4105 1346 4160 servantur
1389 4104 1453 4159 et
1492 4103 1729 4176 propter
1771 4094 2107 4172 euphoniam
2149 4091 2205 4144 in
2252 4108 2355 4146 usu

70 4188 252 4268 fuisse
293 4187 690 4260 grammaticus
749 4186 920 4244 docet
962 4191 1097 4262 post
1143 4185 1321 4260 Greg.
1365 4183 1503 4242 Cor.
1570 4202 1627 4258 p.
1674 4184 1813 4250 680,
1877 4176 2001 4249 ipso
2044 4170 2354 4232 Schaefero

1850 4263 1935 4326 7*

946 4437 1488 4534 ΩἏἏἘΞΞ
