2784 4567
799 83 894 145 De
932 84 1180 145 dialecto
1221 87 1553 153 Herodotea
1594 88 1689 147 lib.
1733 90 1783 151 1.
2342 86 2425 151 87

87 264 234 305 rum
287 246 564 329 quidem
579 288 602 327 ,
657 250 755 327 qui
810 250 920 311 soli
935 257 950 271 ⁸
975 252 1122 331 ipsis
1161 251 1240 310 ab
1289 253 1611 323 editoribus
1662 252 1949 315 Herodoti
1996 261 2129 315 sunt
2168 256 2437 337 inspecti,

87 330 148 388 F
199 337 273 391 et
325 334 440 407 S.,
488 352 664 411 quum
702 334 938 414 saepius
981 342 1262 405 taceatur,
1309 340 1447 415 quid
1492 337 1549 396 in
1592 337 1684 397 his
1726 338 2001 415 scriptum
2042 346 2249 417 exstet,
2292 342 2437 419 quid

81 434 219 473 non
265 414 597 495 exstet*),
637 420 821 477 nostri
863 420 1036 497 igitur
1063 420 1382 481 Herodotei
1426 422 1658 481 codices
1700 422 1783 479 ita
1822 426 2138 501 comparati
2173 432 2333 501 sunt,
2370 432 2437 485 ut

86 499 198 557 ubi
252 518 440 559 unus
499 507 600 561 aut
649 502 795 561 alter
831 504 1227 563 Herodoteam
1279 507 1565 585 quandam
1613 506 1849 563 formam
1890 508 2159 583 praebet,
2218 509 2295 566 ibi
2338 508 2433 567 alii

85 582 392 642 Atticam
443 592 548 643 aut
583 584 750 645 aliam
791 587 1101 663 quamlibet
1139 589 1242 647 sed
1275 608 1390 647 non
1431 590 1823 649 Herodotea-
1864 588 2191 668 exhibeant,
2228 598 2295 650 et
2336 594 2432 652 ubi

84 666 176 741 ii,
237 668 360 745 qui
430 670 616 727 modo
657 669 849 746 aliquo
910 672 968 729 iu
1020 671 1152 732 loco
1195 674 1499 749 genuinam
1541 672 1829 732 habebant
1886 672 2261 752 scripturam,
2315 692 2431 733 nou

85 749 546 811 Herodoteam
588 754 904 832 praebent,
947 754 1042 812 ibi‘
1067 757 1144 830 ii,
1192 756 1289 832 qui
1330 759 1503 814 modo
1546 755 1722 815 falsas
1766 756 2086 835 scripturas
2120 758 2435 835 habebant,

83 840 316 893 rectas
353 836 712 913 praebeant.
797 836 903 895 Oui
940 839 1258 914 variationi,
1299 860 1473 916 quum
1504 840 1733 899 minime
1760 839 1929 899 nobis
1956 846 2213 899 statuere
2242 842 2433 917 liceat,

87 917 518 977 Herodotum
556 920 706 977 idem
749 920 1086 982 vocabulum
1126 923 1647 999 vocabulorumque
1678 942 1861 999 genus
1896 923 2071 982 modo
2107 925 2217 983 hac
2257 926 2431 984 nodo

87 1001 199 1058 illa
254 1002 484 1059 forma
524 1021 870 1079 usurpasse,
912 1010 971 1084 et
1013 1025 1182 1081 quum
1228 1025 1428 1084 parum
1471 1008 1743 1084 praesidii
1784 1006 1921 1063 insit
1962 1008 2201 1083 singulis
2242 1010 2312 1067 in
2339 1008 2431 1065 lo-

92 1086 188 1142 cis
209 1124 266 1158 ,‚
305 1086 409 1141 sic
481 1087 890 1146 occurrendum
941 1106 1072 1145 esse
1116 1089 1375 1165 videtur,
1426 1096 1489 1146 ut
1540 1090 1796 1147 collectis
1844 1090 2013 1147 unius
2052 1092 2427 1168 eiusdemque

87 1166 407 1225 vocabuli
455 1168 968 1246 vocabulorumque
1011 1171 1241 1245 generis
1283 1172 1557 1249 exemplis
1604 1172 1885 1248 omnibus,
1926 1175 2151 1233 ratione
2194 1192 2427 1251 quoque

87 1252 158 1308 in
210 1250 368 1309 lo‘co
420 1251 682 1309 codicum
717 1254 998 1334 scri-ptpra
1031 1254 1260 1329 habita,
1303 1274 1576 1313 summam
1620 1256 1905 1331 quandam
1946 1256 2038 1314 vel
2080 1258 2424 1335 depravata-

95 1354 241 1391 rum
290 1333 402 1391 vel
445 1339 729 1393 rectarum
771 1334 1079 1394 formarum
1119 1330 1501 1395 subducamus
1538 1344 1725 1414 atque·
1757 1339 2139 1415 conferamus,
2174 1342 2425 1417 indeque

99 1418 366 1475 codices
419 1416 590 1493 ipsos
629 1417 779 1475 inter
809 1438 875 1476 se
915 1420 1295 1488 conciliemus.
1381 1420 1708 1479 Restabant
1733 1428 1925 1479 tamen
1955 1423 2241 1481 interdum
2272 1442 2423 1481 nou-

97 1499 250 1557 nulli
315 1500 446 1559 loci
465 1540 485 1575 ,
543 1501 638 1559 ubi
698 1502 927 1561 codices
973 1520 1170 1561 omnes
1219 1523 1438 1563 summo
1482 1522 1769 1564 consensu
1823 1504 1901 1581 (si
1946 1507 2093 1563 enim
2135 1506 2421 1565 silentium

97 1602 358 1658 eorum,
419 1584 525 1660 qui
565 1585 824 1643 codicum
867 1586 1363 1658 conferendorum,
1384 1606 1589 1650 munus
1630 1588 1712 1643 in*
1738 1606 1803 1645 se
1846 1596 2253 1665 susceperunt,
2309 1608 2419 1666 pro

104 1686 426 1725 consensu
481 1674 574 1726 est
634 1666 984 1746 habendum)
1043 1676 1242 1727 contra
1298 1665 1698 1727 Herodoteum
1740 1688 1905 1725 usum
1948 1672 2234 1739 nituntur3
2294 1673 2419 1746 sed,

103 1768 320 1826 quum,
369 1757 444 1809 ut
491 1752 776 1829 pessimos
819 1768 1226 1828 nonnunquam
1261 1760 1386 1811 cum
1433 1753 1939 1829 praestantissimis
1974 1753 2307 1831 conspirare
2332 1754 2421 1810 vi·

107 1832 308 1893 dimus
355 1841 422 1893 et
451 1836 708 1912 optimos
739 1834 886 1899 falsa
917 1835 1388 1921 exhibuissehsic
1431 1836 1605 1893 etiam
1640 1835 1763 1893 fieri
1798 1836 2076 1912 potuerit,
2114 1841 2179 1894 ut
2218 1854 2417 1895 onnes

105 1919 490 1994 superstites
543 1918 884 1994 quibusdam
943 1919 1028 1995 in·
1057 1919 1203 1977 locis
1249 1920 1403 1978 malo
1453 1920 1527 1977 de
1572 1918 1876 1995 exemplari
1932 1919 2417 1996 describerentur,

103 2000 392 2078 maleque
439 2002 737 2079 descripta
779 2001 1171 2078 servarentur,
1215 2002 1353 2062 nihil
1400 2020 1507 2060 nos
1549 2003 1827 2081 impedire
1869 2002 2075 2077 video,
2112 2004 2418 2082 quominus

107 2084 239 2143 istis
297 2087 362 2143 in
409 2086 596 2160 locis,
651 2084 957 2145 dummodo
1002 2086 1276 2164 pleraque
1317 2084 1577 2165 exempla
1620 2086 1855 2164 regulae
1890 2106 1957 2145 ac
1996 2106 2233 2147 normae
2281 2106 2413 2147 sese

105 2168 726 2245 accommodaverim,
783 2189 1024 2248 prorsus
1077 2172 1335 2230 codicum
1375 2170 1521 2233 Mss.
1580 2172 1978 2230 auctoritatem
2030 2171 2412 2251 negligamus,

259 2346 326 2414 *)
365 2348 518 2400 Vide
547 2348 918 2401 Praefationes
950 2349 1271 2417 wesseling.
1309 2356 1365 2401 et
1403 2348 1705 2417 Schweigb.
1756 2378 1827 2389 -
1878 2350 2107 2415 struve,
2142 2350 2303 2433 Spec.
2337 2350 2407 2417 11,

113 2430 173 2485 p.
215 2414 320 2481 153
361 2416 476 2479 ΙΙΙ,
509 2432 567 2483 p.
605 2415 641 2465 4
664 2422 719 2466 et
735 2416 790 2472 5.
824 2446 896 2453 —
933 2419 1052 2479 Qua
1087 2419 1142 2469 in
1179 2416 1458 2469 occasione
1491 2418 1671 2468 facere
1706 2433 1807 2468 non
1846 2432 2076 2483 possum,
2112 2432 2241 2483 qum
2274 2433 2407 2483 que·

115 2497 206 2533 rar
240 2484 312 2535 de
351 2483 727 2536 illiberalitate
761 2486 986 2551 quadam
1025 2494 1079 2537 et
1113 2482 1466 2536 occultatione
1485 2522 1501 2549 ,
1542 2485 1595 2533 in
1630 2500 1736 2551 qua
1773 2483 2070 2535 absconditi
2105 2484 2411 2551 plerunque

115 2550 432 2602 retinentur
469 2549 682 2602 codices
715 2553 1063 2619 manuscripti
1108 2551 1176 2603 iis
1189 2552 1278 2601 '‘in
1313 2549 1471 2615 locis,
1522 2551 1613 2602 ubi
1658 2550 1821 2602 semel
1870 2558 1995 2601 sunt
2029 2550 2213 2616 positi.
2286 2548 2410 2604 Mea

119 2618 338 2684 quidem
393 2636 465 2670 ex
510 2617 774 2672 sententia
819 2634 998 2671 omnes
1046 2622 1312 2686 quotquot
1353 2624 1639 2684 'supersunt
1681 2614 1919 2683 cujusvis
1963 2615 2149 2685 scripti
2199 2614 2410 2668 codices

119 2686 485 2755 manuscripti
522 2685 763 2739 omnibus
799 2702 916 2739 cum
953 2685 1103 2744 u'tiis
1139 2686 1488 2752 omnibusque
1522 2701 1636 2737 cum
1672 2684 1858 2753 signis,
1900 2684 2122 2751 lineolis,
2156 2682 2408 2737 ductibus

119 2754 533 2807 accuratissime
569 2753 1082 2824 diligentissimeque
1113 2753 1264 2823 typis
1300 2750 1636 2807 describendi
1656 2760 1798 2819 sunt,
1839 2758 1897 2805 ut
1930 2768 2107 2805 eorum
2144 2752 2407 2822 exempla-

122 2819 202 2876 ria
233 2839 421 2877 omnes
458 2823 514 2875 in
550 2833 726 2877 terras
757 2840 1040 2892 omnesque
1061 2822 1117 2874 in
1153 2821 1502 2878 bibliothecas
1535 2822 1865 2889 omniumque
1897 2820 1955 2873 in
1990 2836 2173 2875 manus
2206 2821 2406 2875 dimitti

123 2890 354 2955 possint.
433 2892 816 2945 Obmutescent
848 2900 958 2945 tum
992 2892 1275 2959 querelae,
1323 2890 1555 2946 sonasse
1602 2906 1741 2943 nunc
1784 2890 1992 2958 quidem
2024 2890 2283 2943 interdum
2320 2890 2405 2943 iu-

123 2972 282 3025 anes,
345 2958 420 3011 de
459 2961 709 3027 levitate,
763 2960 1100 3029 indiligentia
1147 2967 1310 3029 utque
1355 2958 1567 3012 incuria·
1605 2959 1941 3025 collatorum,
1999 2974 2219 3040 quorum
2268 2958 2403 3012 alius

126 3022 256 3077 alias
321 3029 393 3079 ad
456 3044 544 3081 res
601 3028 656 3081 in
705 3028 978 3083 codicibus
1034 3026 1368 3081 conferendis
1426 3027 1709 3097 respiciat,
1779 3027 1891 3086 suis
1953 3042 2180 3095 quisque
2229 3026 2399 3097 ipsius

128 3098 184 3143 et
239 3096 506 3165 temporis
559 3096 856 3151 rationibus
911 3097 1130 3165 ductus,
1191 3102 1252 3148 ut
1306 3095 1463 3147 iidem
1514 3095 1727 3147 codices
1774 3094 1942 3157 Mus„
1989 3094 2158 3146 donec
2192 3112 2223 3147 e
2257 3112 2399 3148 com-

131 3160 390 3215 munitate
423 3165 678 3231 disjuncti
715 3165 1071 3230 occultentur,
1119 3181 1216 3218 sua
1252 3172 1443 3232 sponte
1480 3170 1663 3231 pateat
1694 3165 1845 3227 fore,
1886 3169 1946 3215 ut
1975 3179 2185 3230 semper
2218 3164 2399 3225 eodem

133 3229 281 3279 modo
317 3233 648 3299 conferendi,
686 3233 917 3286 novandi
941 3240 996 3285 et
1019 3231 1254 3284 iterandi
1277 3232 1401 3283 sint.
1473 3232 1613 3283 Tum
1647 3232 1805 3283 etiarn
1840 3230 2064 3283 celerius
2098 3246 2162 3281 ac
2190 3230 2398 3283 felicius

133 3297 371 3351 omnibus
408 3302 466 3353 in
502 3301 749 3368 partibus
786 3300 1126 3368 antiquitatis
1170 3299 1463 3370 studiorum
1501 3317 1596 3352 nos
1630 3299 1973 3367 procedemus
1992 3334 2009 3361 ,
2059 3296 2262 3366 quippe
2306 3298 2401 3365 qui

135 3378 446 3433 omnes-nos
479 3368 654 3421 edocti
689 3368 966 3437 primarios
999 3370 1211 3432 fontes,
1234 3365 1471 3429 ,omnium
1508 3375 1615 3421 tum
1648 3368 1703 3418 in
1740 3364 2186 3433 disputationibus
2219 3368 2397 3433 quoti-

136 3430 220 3483 die
257 3434 527 3502 agitatos3
562 3454 626 3490 ac
648 3438 960 3507 sperandum
997 3441 1112 3499 est,
1147 3436 1267 3487 sore
1303 3441 1446 3502 tum,
1479 3440 1563 3498 ut,
1597 3434 1951 3489 fundamentis
1986 3432 2187 3487 firmius
2214 3435 2397 3504 jactis,

139 3498 385 3557 altissima
435 3522 676 3574 quaeque
722 3506 852 3559 haec
898 3512 1082 3557 nostra
1123 3503 1300 3555 studia
1337 3508 1627 3571 appetant,
1674 3503 2027 3570 majoremque
2068 3502 2125 3553 in
2172 3503 2393 3569 gloriam

139 3564 484 3641 laudemque,
533 3590 672 3626 nunc
711 3573 919 3643 quidem
971 3573 1027 3625 in
1073 3572 1187 3625 dies
1231 3571 1400 3639 magis
1434 3571 1504 3623 iis
1536 3569 1794 3637 immerito
1833 3578 2108 3638 negatam,
2157 3572 2394 3625 veniant.

139 3630 295 3703 Atqui
329 3640 710 3709 inscriptiones
743 3648 981 3695 veterum
1016 3658 1190 3693 nonne
1222 3640 1364 3693 sicut
1398 3639 1651 3692 inventae
1674 3645 1802 3690 sunt
1820 3638 1969 3707 typis
2020 3636 2395 3691 describendas

140 3714 390 3760 curarunt
423 3726 486 3763 ac
521 3710 753 3762 curant?
822 3711 1016 3763 Nonne
1049 3708 1144 3762 alii
1177 3707 1392 3776 quidam
1430 3707 1640 3760 codices
1666 3706 1799 3762 Mss.
1838 3705 2013 3774 paullo
2050 3714 2175 3775 post
2206 3706 2393 3759 inven-

144 3773 242 3822 tam
274 3779 709 3847 typographicam
755 3784 956 3845 artem,
1000 3778 1076 3828 sic
1121 3783 1182 3829 ut
1219 3783 1419 3841 erant,-
1448 3774 1707 3843 exscripti
1751 3782 1875 3827 sunt
1918 3773 2097 3841 typis,
2146 3780 2203 3825 ut
2250 3772 2393 3826 nulla

138 3836 280 3899 justa
313 3862 544 3915 veraque
578 3861 736 3899 causa
771 3846 895 3897 mihi
931 3844 1139 3913 quidem
1176 3844 1393 3895 subesse
1430 3844 1693 3907 videatur,
1728 3859 1823 3894 cur
1856 3842 2013 3894 etiam
2049 3840 2169 3892 aliis
2194 3840 2394 3894 codici-

141 3904 235 3957 bus
269 3913 464 3978 majore
493 3918 613 3967 bum
650 3913 964 3967 detrimento
1009 3912 1065 3964 id
1116 3911 1429 3965 beneficium
1483 3916 1805 3979 denegetur,
1866 3909 2183 3989 praesertim
2232 3918 2389 3987 quum

147 3974 294 4029 etiam
328 3979 418 4032 alii
451 3982 534 4035 his
567 3984 621 4035 in
657 3982 844 4037 studiis
879 3998 1108 4035 summae
1142 3977 1477 4032 auctoritatis
1512 3980 1617 4031 viri
1652 3979 1844 4031 nostris
1879 3976 2201 4043 temporibus
2236 3973 2391 4052 ¹¹¹.¹¹‘

145 4040 253 4095 bris
290 4057 519 4103 veterum
569 4070 602 4104 e
641 4051 915 4103 codicibus
953 4051 1085 4105 Mss.
1139 4048 1358 4119 primum
1406 4046 1623 4101 edendis
1669 4047 1867 4099 versati
1904 4038 2392 4117 quam-fidelissime

149 4110 310 4173 Prima
340 4116 396 4169 in
435 4120 664 4175 editione
700 4119 938 4173 codicum
973 4118 1290 4188 scripturam
1325 4116 1649 4170 reddendam
1682 4128 1799 4165 esse
1836 4112 2154 4161 censuerint.
