2784 4567
707 155 714 160 .
781 101 866 156 De
909 96 1151 158 dialecto
1193 95 1527 158 Herodotea
1569 99 1665 164 lib.
1712 97 1787 160 ΙΙ.
2295 99 2422 180 1833

121 259 440 344 κεράμιον
479 270 832 344 usurpatum,
875 285 994 324 non
1034 264 1218 342 magis
1257 271 1348 326 est
1385 264 1819 342 Herodoteum‚
1859 285 2030 344 quam
2070 269 2415 346 adjectivum

123 339 499 427 κἐρᾶμειος,
545 369 653 427 pro
699 370 813 426 quo
857 349 1192 408 Herodotus
1241 345 1571 432 κερόμινος
1613 350 1783 420 dixit:
1829 349 1926 410 111.
1962 356 2030 412 96
2074 351 2135 426 ἐς
2176 354 2412 429 πίθους

121 433 510 512 κεραμίνους
555 426 753 514 τήξας,
795 434 880 492 sic
919 439 1078 492 recte
1123 435 1202 492 M.
1245 434 1311 498 P.
1353 435 1429 496 K.
1475 437 1539 496 S.
1585 433 1655 496 V.
1700 435 2063 515 κεραμέους,
2103 439 2260 516 quod
2297 439 2408 500 hoc

125 525 382 576 accentu
421 524 681 576 notatum
731 518 888 576 nihili
936 525 1056 591 est,
1109 518 1321 578 habent
1364 517 1430 576 B.
1474 517 1604 577 Ald.
1647 518 1720 576 al.
1776 523 2095 600 κεραμίους
2134 521 2207 580 F.
2250 542 2303 580 a.
2348 523 2406 582 b.

124 621 181 664 c.
236 603 294 661 d.
360 634 435 645 —
514 601 616 666 IV.
660 606 728 662 78
777 594 948 678 κύλιξ
988 604 1280 683 κεραμίνη
1347 604 1423 661 cf.
1459 601 1610 661 Lob.
1650 601 1863 678 Plu-yn.
1906 625 1965 680 p.
2010 607 2129 664 147.
2184 605 2401 666 Anecd.

119 685 323 748 Bekk.
365 686 435 762 I,.
458 708 518 764 p.
549 691 674 762 102,
704 691 739 744 9
781 679 1109 768 κεράμινον
1153 679 1287 749 ἆντὶ
1332 692 1445 750 τοῦ
1486 691 1828 768 κεραμεοῦν
1862 679 2191 769 Ἡρόδοτος
2233 683 2405 769 πρῶ-

118 793 214 846 τῳ
260 767 318 848 (ἓ
349 810 366 826 .
416 804 488 814 -
536 770 740 833 Baehr.
788 772 950 829 Ctes.
992 771 1222 848 Reliqq.
1267 792 1326 850 p.
1369 777 1495 834 m.
1546 805 1617 814 —
1683 769 2095 853 θυμιητήριον
2138 773 2229 834 IV.
2275 779 2399 836 162.

118 856 466 918 σανδαλιον
509 854 584 914 Il.
626 859 715 914 91.
781 849 1148 934 ίστιητόριον
1191 855 1291 918 IV.
1335 861 1447 916 35.·
1490 855 1851 937 κυνηγέσιον
1895 857 1942 914 Ι.
1987 863 2056 916 36
2098 858 2226 920 alia.

297 939 368 998 In
414 939 537 998 aliis
580 959 757 1016 porro
802 940 1121 998 nominibus
1179 939 1332 1016 ἐῖῷ,
1377 939 1538 1009 ἐῖόἶν,
1578 938 1676 1004 ᾖ
1733 961 1968 1020 prorsus
2014 961 2129 1000 non
2171 947 2401 1002 mutan-

113 1029 220 1080 tur
277 1024 432 1101 apud
485 1023 878 1094 Herodotum,
959 1025 1089 1096 sed
1129 1027 1518 1102 diphthongus
1576 1026 1625 1090 ἕι
1678 1027 1972 1084 immutata
2032 1025 2393 1102 relinquitur:

113 1101 490 1184 προάστειον
530 1107 574 1169 1.
621 1110 707 1166 78.
749 1109 822 1167 11.
865 1113 955 1169 41.
999 1107 1100 1170 ΠΙ.
1146 1113 1230 1169 14.
1269 1116 1355 1170 18.
1402 1113 1492 1168 54.
1530 1115 1617 1170 84.
1652 1115 1739 1172 85.
1782 1115 1873 1168 86.
1918 1109 2016 1168 lv.
2054 1113 2142 1169 78.
2182 1109 2253 1166 v.
2303 1118 2391 1170 12.

111 1189 276 1253 VIII.
325 1196 458 1264 1293
513 1210 690 1269 quare
733 1194 827 1250 vix
870 1193 980 1250 dici
1019 1197 1222 1269 potest
1261 1212 1431 1271 quam
1450 1187 1640 1270 Tonge
1685 1213 1720 1252 a
1762 1213 1895 1251 vero
1947 1193 2175 1268 quidam
2219 1193 2392 1252 aber-

107 1278 404 1349 raverint,
447 1277 543 1352 qui
585 1269 960 1355 ίεροαστήϊον
1002 1277 1057 1332 in
1103 1279 1360 1335 ordinem
1404 1283 1772 1354 receperunt,
1817 1280 1899 1335 sic
1943 1277 2046 1334 111.
2091 1281 2192 1336 142
2233 1301 2390 1358 προ-

109 1361 338 1440 αστείῳ
378 1359 716 1428 Bekk.‚alii
773 1381 900 1420 cum
958 1361 1129 1420 codd.
1175 1363 1240 1419 S.
1285 1381 1340 1420 a.
1406 1363 1757 1443 προαστηΐῳ
1803 1362 1993 1422 Gaisf.
2036 1361 2148 1420 alii.
2234 1363 2305 1422 V.
2351 1370 2383 1422 1

108 1445 461 1524 προαστείῳ
512 1443 698 1502 Bekk.
748 1445 864 1503 alii.
922 1446 1296 1522 προαστείων
1345 1447 1408 1509 S.
1474 1449 1825 1528 προαστηΐῳ
1881 1446 2066 1504 Gaisf.
2116 1445 2228 1506 alii.
2297 1479 2385 1492 --

112 1530 430 1588 Praeterea
471 1522 724 1606 παρειάς
761 1530 812 1587 1.
859 1535 982 1590 134.
1057 1529 1320 1594 ἐπίνειον
1365 1531 1465 1588 VI.
1511 1535 1614 1590 116
1658 1530 1921 1600 (ἕπίνεον
1966 1531 2075 1594 8.).
2153 1526 2385 1610 γένειον

107 1613 190 1674 11.
223 1618 316 1672 36.
351 1613 448 1678 lv.
490 1618 578 1672 23.
624 1611 718 1670 VI.
764 1613 886 1676 117.
963 1615 1360 1694 λειογενείους
1402 1614 1473 1673 V.
1518 1621 1605 1675 20.
1662 1645 1737 1656 —
1785 1615 2035 1714 Σίγειον
2079 1612 2150 1669 V.
2189 1615 2275 1670 65.
2310 1619 2381 1674 94

108 1699 358 1780 (Σίγιον
397 1697 471 1758 F.
518 1701 892 1768 constanter).
934 1696 1030 1755 IV.
1072 1702 1161 1758 38.
1207 1698 1282 1758 V.
1324 1701 1411 1756 95.
1482 1731 1568 1742 ——
1647 1701 1917 1775 Πηνειος
1959 1695 2083 1760 Vll.
2125 1703 2214 1754 20·
2258 1703 2380 1760 128.

105 1786 238 1842 129.
328 1775 655 1860 Σπερχειός
709 1780 837 1838 VlI.
894 1784 996 1840 198
1054 1781 1239 1845 Bekk.
1297 1781 1388 1840 alii
1445 1787 1636 1854 recte,
1700 1782 1802 1840 sed
1864 1773 2202 1859 Σπερχὴἳος
2253 1801 2379 1839 cum

103 1867 286 1926 codd.
323 1869 389 1925 S.
436 1865 508 1928 V.
551 1865 702 1924 male
745 1864 926 1926 Gaisf.
971 1865 1230 1938 Schaefi,
1285 1865 1442 1942 quod
1485 1885 1601 1923 non
1650 1863 1898 1924 debebat
1939 1861 2183 1922 Wessel.
2240 1884 2381 1940 pro-

102 1950 270 2010 bare.
311 1983 398 1996 --
431 1942 892 2029 Ἀτραμῦττειον
934 1947 1058 2008 VII.
1090 1954 1180 2022 42,
1225 1950 1309 2007 sic
1351 1970 1405 2010 a.
1450 1969 1498 2006 c.
1544 1954 1603 2008 et
1626 1948 1806 2008 Valla.
1851 1940 2270 2029 Ἀτραμῦτειον
2313 1949 2377 2008 S.

92 2027 566 2115 Ἀδραμῦπειον
603 2034 673 2092 F.
709 2033 766 2092 b.
806 2033 864 2092 d.
933 2035 1008 2092 cf.
1049 2033 1251 2109 Steph.
1283 2033 1423 2110 Byz.
1470 2053 1516 2092 s.
1560 2051 1614 2091 v.
1683 2034 1844 2096 Suid.
1887 2052 1935 2090 s.
1979 2054 2032 2089 v.
2095 2033 2261 2096 Eust.
2297 2034 2377 2091 ad

101 2118 284 2178 Hom.
327 2119 390 2179 ll.
428 2139 486 2196 p.
529 2122 672 2193 649,
716 2123 792 2176 44
840 2143 924 2170 -·--.
965 2126 1106 2191 512,
1147 2125 1233 2178 20.
1297 2117 1581 2196 Interppr.
1625 2117 1884 2195 Thucyd.
1929 2117 1999 2193 V,
2043 2125 2093 2177 l.
2158 2117 2371 2180 creuz.

94 2202 282 2280 Frag.
317 2201 484 2268 Hiat.
522 2223 581 2280 p.
627 2207 746 2262 198.
789 2233 871 2244 ——
903 2193 1202 2266 Ῥοίτειον
1241 2201 1366 2260 Vll.
1415 2207 1487 2262 43
1529 2195 1815 2274 (Ῥοίτιον
1833 2202 1950 2272 F.).
2004 2195 2375 2283 Ὀφρύνειον

97 2287 220 2350 VII.
271 2291 362 2348 43.
451 2286 734 2368 Σέρρειον
779 2285 904 2345 vll.
947 2292 1034 2346 59.
1110 2289 1426 2366 Λαυρείου
1469 2286 1592 2345 Vll.
1639 2292 1744 2346 144
1798 2283 2108 2366 (Λαυρίου
2158 2287 2221 2348 8.
2261 2285 2373 2364 b.).

93 2407 182 2418 —
227 2371 330 2436 VI.
371 2375 444 2431 33
499 2370 564 2434 ἐν
607 2371 960 2452 Δασκυλείῳ
1021 2373 1108 2430 sic
1149 2377 1304 2430 recte
1364 2390 1493 2430 cum
1534 2371 1719 2428 Paris,
1776 2369 1845 2428 F.
1891 2371 1953 2428 S.
2000 2370 2143 2432 Vall.
2216 2369 2371 2428 Olim
2402 2435 2427 2455 .

93 2457 250 2516 male
285 2455 642 2532 Δασκυλίῳ,
683 2472 866 2529 neque
905 2459 1057 2512 recte
1091 2453 1410 2530 Schweigh.
1454 2455 1677 2510 monuit
1708 2455 2073 2537 Δασκυληΐῳ
2116 2453 2374 2510 scriben-

95 2541 244 2600 dum
287 2558 447 2608 esse3
491 2538 561 2599 cf.
605 2538 756 2594 enim
797 2536 894 2594 111.
939 2545 1042 2596 120
1083 2543 1142 2594 et
1184 2543 1284 2596 126
1328 2537 1703 2598 Δασκυλείου
1750 2543 1807 2593 et
1851 2537 2206 2616 Δασκυλείῳ
2249 2536 2375 2592 sine

89 2624 403 2682 varietate.
461 2653 548 2666 ·-
611 2614 998 2700 Θρασυδήϊος
1041 2625 1239 2678 noster
1280 2619 1423 2678 dixit
1461 2617 1561 2676 lx.
1606 2624 1707 2688 583
1760 2625 1931 2694 atque
1976 2624 2038 2675 ut
2078 2619 2372 2696 ληϊζομαι,

93 2701 387 2786 ληΐστύς,
449 2699 732 2784 ληϊστής,
787 2705 868 2762 sic
910 2705 1080 2764 etiam
1124 2707 1454 2762 constanter
1494 2705 1634 2782 ληΐη
1688 2721 1793 2779 pro
1832 2701 1958 2764 λεία
2003 2701 2156 2773 (vide
2198 2702 2375 2760 inter·

95 2799 277 2870 prett.
324 2793 505 2867 Greg.
554 2789 693 2850 Cor.
735 2789 790 2846 d.
835 2790 894 2851 d.
925 2789 1049 2847 lon.
1091 2809 1151 2866 p.
1196 2787 1292 2868 69)
1337 2785 1380 2850 I.
1428 2791 1551 2850 161.
1638 2785 1714 2846 11.
1760 2793 1863 2846 152
1904 2782 2054 2850 κατὰ
2094 2787 2274 2866 ληΐην
2311 2792 2373 2844 et

95 2877 178 2936 sic
224 2877 407 2952 Greg.
455 2876 595 2938 Cor.
659 2873 698 2934 l.
756 2872 792 2930 l.
858 2906 926 2917 —-
999 2874 1130 2936 cod.
1177 2873 1240 2936 S.
1299 2873 1453 2952 ληΐν.
1543 2869 1637 2930 IV.
1692 2875 1766 2932 64
1823 2876 1930 2949 τῆς
1986 2873 2162 2951 ληΐης
2213 2869 2367 2946 vulg.

96 2961 268 3032 λείας
310 2961 484 3042 8.]7.
541 2993 628 3006 -
687 2961 791 3016 103
831 2949 954 3019 ἆπό
1003 2959 1197 3036 ληΐης.
1258 2989 1346 3002 —-·
1398 2953 1505 3018 202
1546 2957 1727 3036 ληΐην
1772 2956 1851 3014 id.
1896 2955 2049 3015 VIII.
2095 2961 2217 3016 121.
2262 2955 2363 3018 IX.

98 3049 187 3104 85.
235 3049 360 3104 106.
448 3045 624 3123 ληίης
655 3033 816 3116 ,V111.
862 3048 986 3102 123.
1027 3041 1124 3105 lx.
1168 3047 1256 3102 80.

265 3129 344 3187 Et
398 3130 627 3188 nomina
676 3126 1034 3186 substantiva
1085 3127 1302 3205 primae
1360 3125 1753 3186 declinationis
1809 3124 1867 3182 in
1926 3123 2015 3186 εία
2078 3124 2361 3201 exeuntia,

99 3232 248 3288 quae
283 3232 321 3271 a
360 3215 546 3272 verbis
589 3214 646 3270 in
691 3209 813 3276 ε-υἷ
855 3212 1149 3286 derivata,
1209 3211 1430 3287 vulgari
1482 3212 1541 3268 in
1586 3227 1849 3268 sermone
1886 3209 1932 3266 ’ἆ
1971 3208 2205 3282 longum
2261 3207 2363 3262 ha-

99 3293 272 3372 bent,
321 3302 652 3357 constanter
707 3296 862 3374 apud
913 3302 1173 3354 nostrum
1214 3295 1272 3350 in
1312 3294 1419 3374 ηΐη
1468 3295 1874 3358 terminantur3
1936 3310 2050 3367 quo
2093 3290 2363 3348 differunt

99 3387 156 3438 et
197 3383 272 3440 ab
327 3383 400 3442 iis
453 3383 824 3440 substantivis
866 3379 1228 3452 foemininis,
1291 3397 1438 3458 quae
1496 3379 1566 3436 ab
1621 3374 1924 3454 adjectivis
1979 3376 2033 3430 in
2078 3373 2153 3450 ’τῇ
2193 3371 2361 3455 (ὀῖις)
2457 3453 2463 3460 .
2580 3416 2589 3424 .

101 3465 353 3526 derivata
401 3473 622 3526 tantum
675 3466 732 3522 in
778 3467 876 3544 εἰᾟ
912 3485 1028 3522 non
1073 3464 1131 3522 in
1176 3463 1282 3542 ηΐη
1324 3468 1654 3534 transeunt,
1722 3469 1779 3520 et
1832 3459 1905 3516 ab
1962 3459 2060 3531 iis,
2127 3478 2275 3536 quae
2325 3479 2361 3518 a

98 3549 466 3610 substantivis
503 3552 562 3608 in
607 3550 710 3625 εἶς’
752 3552 842 3610 vel
884 3549 1110 3607 aliunde
1154 3549 1410 3605 derivata
1444 3547 1609 3604 etiam
1653 3545 1808 3620 apud
1841 3537 2197 3604 Herodotum
2240 3549 2359 3601 ter-

99 3635 465 3696 minationem
499 3632 618 3710 ειᾶ,
657 3636 855 3694 ultima
897 3638 1182 3711 correpta,
1217 3631 1483 3691 retinent.
1530 3661 1611 3672 —-
1651 3623 1693 3708 ἡ
1734 3629 2018 3707 βασιληΐη
2064 3632 2355 3704 (regnum)

100 3713 144 3774 I.
189 3723 290 3780 187
333 3721 460 3798 (ubi
507 3721 634 3779 cod.
677 3721 739 3780 S.
781 3717 927 3778 male
973 3711 1299 3796 βασιλήϊα).
1342 3711 1417 3772 II.
1463 3720 1585 3772 120.
1630 3717 1753 3772 162.
1796 3711 1896 3770 111.
1934 3718 2021 3772 84.
2065 3717 2185 3772 140.
2230 3711 2354 3773 VII.

102 3807 152 3860 5.
187 3811 311 3863 205.
400 3805 715 3885 βασιληΐης
773 3803 816 3862 l.
863 3805 951 3860 98.
995 3805 1117 3859 123.
1164 3803 1284 3858 129.
1349 3799 1473 3857 130.
1518 3799 1638 3856 173.
1696 3795 1773 3856 11.
1812 3800 1935 3856 169.
1998 3795 2097 3861 ΠΙ,
2139 3802 2223 3856 65.
2262 3799 2352 3854 84.

101 3889 184 3949 85.
251 3887 342 3952 IV.
383 3897 504 3952 120.
547 3893 670 3950 146.
739 3886 835 3948 VI.
876 3889 966 3944 61.
1010 3887 1097 3943 64.
1139 3887 1207 3942 67
1251 3883 1359 3944 bis,
1430 3882 1559 3940 Vll.
1601 3887 1638 3941 3
1672 3881 1781 3941 bis.
1824 3887 1947 3939 205.
1993 3881 2091 3941 ΙΧ.
2134 3885 2220 3936 34.
2266 3911 2353 3920 --

103 3971 377 4058 βασιληίῃ
421 3975 494 4034 11.
536 3976 658 4032 162.
691 4005 779 4017 —-
817 3969 1137 4050 βασιληΐην
1181 3965 1228 4025 1.
1274 3974 1340 4024 11
1381 3965 1585 4041 vulgo,
1632 3965 1724 4024 ubi
1773 3963 1903 4022 cod.
1950 3963 2013 4018 S.
2060 3961 2201 4020 male
2247 3962 2351 4039 βα·

106 4058 336 4137 σιλείην.
386 4092 461 4103 -
509 4057 556 4116 1.
605 4063 689 4116 12.
740 4061 826 4118 13.
869 4058 959 4114 26.
1005 4057 1092 4112 54.
1135 4053 1223 4110 67.
1271 4053 1390 4110 107.
1437 4053 1555 4109 129.
1603 4054 1724 4110 162.
1769 4053 1893 4108 205.
1943 4050 2067 4106 208.
2110 4050 2234 4104 210.
2278 4041 2350 4104 11.

103 4143 152 4202 2.
189 4135 470 4206 100.'111.
513 4148 632 4204 112.
682 4147 798 4202 121.
842 4142 964 4202 127.
1007 4136 1114 4196 111.
1144 4141 1200 4198 3.
1245 4141 1334 4196 2ο.
1378 4139 1467 4212 68.
1514 4139 1604 4194 84,
1648 4139 1736 4192 85.
1773 4134 1864 4189 88.
1914 4129 2035 4184 126.
2081 4131 2200 4186 140.
2245 4127 2347 4186 lv.

2520 1257 2607 1296 x
