2784 4567
617 191 621 196 ·
730 157 820 218 De
861 160 1103 220 dialecto
1146 161 1482 220 Herodotea
1524 159 1618 225 lib.
1664 160 1735 224 II.
2252 159 2373 225 113

90 329 153 385 in
199 327 328 385 loco
371 327 632 386 codicum
677 327 819 386 MsS.
871 329 1190 406 scriptura,
1255 329 1556 406 negligunt
1599 327 1901 388 collatores
1951 349 2220 400 monere;
2284 333 2368 390 sic

75 412 314 470 111.16
367 435 522 474 ουτω
563 407 640 490 δὴ
689 405 1064 488 ουδετέροισι
1107 433 1255 472 nunc
1297 415 1452 490 vulg.
1496 435 1623 473 cum
1670 414 1733 471 S.
1774 414 1842 473 V.
1901 438 2059 476 ουτω
2101 408 2361 496 ουδετὲρ.

87 498 229 557 edd.
271 501 412 554 vett.
451 502 510 556 et
544 496 614 554 F.
667 516 719 554 a.
763 517 814 559 c.
877 497 973 555 IV.
1017 503 1086 557 13
1129 492 1288 559 οὕτω
1338 495 1413 574 δη
1458 496 1597 562 ουδὲ
1641 485 1817 570 οὗτος
1852 501 2005 575 vulg.
2046 519 2196 557 nunc
2238 519 2364 558 cum

84 584 160 644 S.
206 580 276 638 V.
339 575 496 642 οὕτω
541 573 686 643 οὐδὲ
729 583 860 640 edd.
905 589 1044 640 vett.
1103 582 1218 687 PVI.
1265 589 1296 642 1
1346 575 1503 644 οὕτω
1536 588 1787 692 τελευτᾷ
1828 583 2022 659 vulgo.
2093 579 2357 646 ἐτελεύτα

82 669 155 725 S.
205 664 272 721 V.
321 663 391 729 P.
475 665 574 724 IX.
617 671 718 725 118
764 690 922 727 ουτω
968 662 1042 744 δὴ
1086 659 1207 728 finci
1253 662 1437 728 νύκτα
1482 668 1752 766 οἴχονται
1786 669 1976 742 vulgo.
2035 665 2109 746 δή
2154 670 2361 727 omise-

82 755 224 810 runt
261 751 426 812 codd
460 752 522 807 S.
551 749 620 808 V.
709 752 828 808 Sed
872 751 996 808 VII.
1028 756 1131 810 143
1156 753 1228 816 in
1260 752 1453 809 verbis
1484 753 1655 827 vulgo
1692 753 1776 810 sic
1820 753 1987 810 editis
2025 771 2151 809 cum
2189 754 2360 810 codd.

80 835 173 896 M.
217 833 284 890 P.
329 833 398 895 F.
446 833 625 892 Paris·
674 827 790 896 ουίι
835 857 910 895 αν
955 859 1112 896 ουτω
1157 858 1260 914 μιν
1305 835 1537 898 δοκέειν
1578 831 1779 914 ’ἠπίως
1820 841 2164 916 χρησθῆναι
2203 831 2357 914 (ov-

77 942 171 979 τω
209 942 312 996 μοι
353 918 483 979 Ald.
529 918 635 998 K.)
677 919 888 976 habent
933 921 1103 976 codd.
1145 923 1208 977 S.
1252 920 1318 976 V.
1365 921 1510 979 male
1551 917 1745 994 οὕτως
1788 917 1974 1002 ‘afim
2012 922 2168 997 quod
2210 915 2357 999 ἡμῖν

79 1005 260 1062 etiam
299 1001 646 1060 Laurentius
685 1003 848 1061 Valla
887 1004 967 1061 ibi
1011 1005 1298 1062 invenisse
1341 1005 1588 1063 videtur.

255 1085 423 1163 Apud
469 1085 829 1145 Herodotum
875 1095 1144 1146 constans
1197 1090 1505 1146 intercedit
1564 1090 1867 1148 discrimen
1920 1089 2071 1147 inter
2132 1083 2247 1150 ἰθύ
2294 1096 2355 1148 et

77 1165 264 1246 ἰθυς,
310 1190 552 1246 quorum
595 1172 768 1246 illud,
813 1191 1038 1250 semper
1083 1193 1206 1230 cnm
1246 1175 1497 1248 genitivo
1538 1179 1943 1247 constructum,
1986 1175 2060 1230 de
2108 1189 2177 1230 eo
2224 1179 2353 1231 tan-

74 1263 201 1313 tum
247 1256 490 1330 dicitur,
541 1257 694 1332 quod
741 1257 960 1314 directo
1005 1257 1059 1313 iu
1103 1257 1344 1332 aliquem
1383 1258 1572 1316 locum
1616 1259 1831 1326 fertur;
1882 1257 1993 1314 hoc
2033 1263 2225 1314 autem
2266 1257 2351 1316 si-

74 1341 316 1414 gnificat
359 1342 586 1414 statim,
619 1346 689 1396 et
731 1342 880 1397 idem
927 1345 1020 1398 est
1061 1342 1216 1418 quod
1262 1339 1474 1413 ἰθέως,
1519 1344 1675 1418 quod
1719 1349 1777 1400 et
1817 1343 2002 1419 ipsum
2046 1341 2348 1400 Herodoto

71 1423 358 1482 familiare
391 1429 497 1481 est.
586 1425 682 1481 Sic
721 1424 900 1481 habes
943 1424 1128 1496 ἰθέως
1163 1424 1237 1482 ΙΙ.
1284 1431 1409 1498 111,
1451 1433 1486 1484 2
1528 1427 1634 1484 bis.
1678 1425 1778 1482 III.
1822 1430 1903 1485 73.
1956 1432 2075 1485 155.
2119 1425 2217 1486 lV.
2260 1430 2345 1488 68.

71 1509 150 1566 V.
185 1513 254 1566 41
299 1509 404 1565 bis.
443 1513 533 1583 92,
575 1515 610 1566 2
649 1514 706 1565 et
747 1512 800 1570 7.
837 1507 935 1571 VI.
981 1515 1068 1567 10.
1109 1513 1192 1570 17.
1233 1513 1321 1566 49.
1365 1509 1515 1572 VIII.
1549 1515 1688 1584 108,
1732 1516 1791 1568 et
1834 1505 1979 1582 ἰθύς
2021 1511 2227 1568 eodem
2266 1511 2347 1566 si·-

26 1595 29 1600 ’
72 1593 349 1668 gnificatu
383 1591 429 1656 I,
474 1597 560 1650 65.
585 1591 704 1653 -ΙΙΙ,
745 1597 832 1650 58.
891 1593 1200 1652 Praeterea
1245 1587 1353 1653 ἰθῦ
1397 1595 1507 1653 τοῦ
1524 1589 1763 1669 Ἴστρου
1812 1593 1898 1650 lv.
1936 1595 2027 1652 89.
2070 1589 2178 1655 ἶθῦ
2235 1598 2344 1652 Toe-

71 1678 290 1748 ναΐδος
333 1683 436 1735 120
481 1683 539 1734 et
582 1675 792 1732 ibidem
843 1671 952 1737 effi)
991 1683 1118 1738 ταῖν
1159 1675 1416 1754 χωρέων.
1468 1682 1597 1752 136ἱ
1624 1672 1736 1738 toz>
1778 1683 1889 1738 τοῦ
1919 1673 2177 1754 Ἴστρου.
2243 1673 2341 1733 VI.

68 1766 144 1820 95
191 1756 302 1821 ἱθῦ
358 1765 474 1820 τοῦ
509 1754 979 1836 Ἑλλησπόντου.
1054 1761 1177 1818 VII.
1219 1765 1334 1819 ’179
1377 1757 1487 1822 ἰθύ
1538 1755 1836 1823 Σκιάθου.
1913 1758 2061 1822 VIII.
2118 1765 2188 1819 38
2236 1755 2347 1838 25³1}

65 1849 380 1907 Βοιωτῶν.
453 1844 552 1903 ΙΧ.
607 1847 681 1903 69
745 1841 854 1904 tar}
909 1850 1024 1907 τοῦ
1081 1847 1237 1920 ἱροῦ.
1305 1849 1376 1902 89
1440 1842 1551 1906 ἰθύ
1607 1849 1711 1924 τῆς
1767 1847 2057 1923 Θρηΐκης.
2147 1845 2343 1912 Quare

65 1930 388 1988 rectissime
427 1947 578 1986 nunc
621 1928 848 2006 quidem
893 1949 961 1986 ex
1003 1929 1223 1987 Reiskii
1262 1930 1588 2004 conjectura
1626 1937 1685 1988 et
1727 1930 1937 1987 codicis
1978 1929 2050 1990 F.
2096 1929 2344 1988 auctori-

63 2020 193 2072 tate
239 2009 350 2075 ἰθῦ
391 2018 498 2091 τῆς
541 2007 724 2092 ἀρχῆς
767 2011 840 2091 (Ι.
886 2017 1020 2090 207)
1076 2015 1388 2091 repositum
1437 2021 1525 2072 est
1566 2033 1675 2091 pro
1723 2015 1859 2072 olim
1901 2013 2134 2090 vulgato
2187 2018 2247 2070 et
2284 2013 2343 2069 in

62 2099 247 2156 codd.
297 2099 436 2156 Mss.
497 2098 836 2175 quibusdam
890 2105 1118 2175 reperto
1175 2093 1337 2169 ἰθύς.
1424 2099 1541 2156 Sed
1599 2118 1704 2176 pro
1766 2119 1836 2157 eo
1890 2099 2047 2176 quod
2102 2096 2177 2160 Π
2234 2100 2339 2155 119

57 2185 254 2240 nostri
284 2184 451 2245 codd.
483 2184 623 2242 Mss.
665 2196 860 2240 omnes
902 2189 1097 2241 tenere
1140 2183 1407 2241 dicuntur
1452 2182 1642 2260 οἴχετο
1680 2179 1929 2264 φεύγων
1973 2185 2107 2266 τῇσι
2153 2179 2339 2259 νηυσὶ

57 2265 169 2328 ἐπὶ
222 2265 463 2347 Λιβύης
522 2267 782 2344 praebuit
836 2267 1014 2340 liber,
1077 2269 1172 2342 qui
1231 2267 1335 2324 sub
1383 2265 1667 2323 Plutarchi
1712 2269 1939 2323 nomine
1986 2267 2201 2339 fertur,
2262 2266 2337 2322 de

55 2350 432 2425 Malignitate
460 2351 744 2408 Herodoti
790 2371 836 2408 c.
881 2357 948 2408 12
979 2347 1256 2452 (Hutten)
1302 2343 1413 2410 ἰθυ
1460 2349 1555 2410 ἐπὶ
1602 2343 1866 2428 Λιβύης.
1954 2348 2183 2405 Verum
2204 2344 2338 2425 ἰθύ,

55 2443 130 2493 ut
161 2435 530 2493 Homericum
573 2424 716 2502 ἰθύς
760 2439 819 2488 et
847 2433 1094 2488 Atticum
1149 2426 1310 2492 ευθύ
1351 2451 1585 2508 semper
1614 2432 1815 2506 solum,
1853 2431 2005 2488 nulla
2032 2431 2142 2487 alia
2169 2449 2337 2506 prae-

49 2519 352 2598 positione
406 2518 632 2588 addita,
691 2531 816 2571 cum
869 2516 1125 2590 genitivo
1181 2521 1567 2572 constructum
1621 2515 1831 2589 fuisse,
1888 2519 2119 2589 praeter
2174 2513 2337 2570 locos

49 2608 212 2662 istos
259 2619 330 2657 ex
376 2599 654 2655 Herodoti
709 2597 873 2653 libris
932 2599 1106 2654 modo
1153 2598 1417 2657 laudatos
1472 2597 1725 2671 pluribus
1776 2597 1901 2654 aliis
1956 2596 2337 2653 demonstrari

51 2688 265 2764 potest
301 2681 572 2758 exemplis
617 2681 692 2737 cf
735 2679 908 2738 Hom.
950 2678 1019 2740 Il.
1057 2683 1261 2755 20,99.
1308 2687 1395 2754 12,
1428 2685 1549 2738 106.
1594 2679 1805 2756 Odyss.
1850 2678 1898 2754 Ι,
1938 2683 2057 2738 119.
2100 2677 2177 2756 Π,
2206 2685 2332 2738 301.

49 2771 169 2844 ΙΙΙ,
216 2771 304 2826 17.
365 2765 430 2823 ΙΙ.
466 2765 625 2840 ΧΙΠ,
667 2769 789 2823 601.
834 2763 1035 2824 Valck.
1079 2765 1150 2820 ad
1182 2761 1413 2841 Hippol.
1448 2767 1601 2826 1197.
1646 2764 1857 2826 Heind.
1901 2766 1976 2822 ad
2006 2763 2153 2824 Plat.
2187 2762 2329 2840 Lys.

49 2876 118 2931 p.
159 2856 268 2910 203
299 2870 335 2908 a
365 2850 506 2913 etb.
550 2848 786 2907 Lucian.
824 2847 997 2906 Diall.
1041 2849 1210 2910 Mort.
1253 2852 1345 2922 27,
1389 2854 1421 2907 1
1474 2840 1637 2911 εὕθυ
1680 2855 1788 2926 τῆς
1832 2844 2134 2910 καθόδου.
2175 2847 2327 2906 Lob.

47 2936 309 3010 Phryn.‘
319 2956 378 3013 p.
414 2939 518 2994 144
545 2953 675 3012 sqq.
719 2933 920 2995 Matth.
967 2951 1052 3008 gr.
1100 2951 1187 3007 gr.
1222 2951 1283 3008 p.
1309 2937 1415 2992 826
1459 2934 1583 3012 (ed.
1614 2935 1771 3010 tert.)
1809 2933 2037 2992 Ruhnk.
2072 2934 2145 2990 ad
2175 2933 2328 2993 Tim.

49 3022 170 3078 lex.
213 3019 359 3080 Plat.
403 3039 461 3096 p.
507 3023 608 3078 126
646 3038 734 3093 sq.
805 3050 893 3060 —-
961 3016 1138 3074 Tales
1191 3023 1379 3074 autem
1434 3017 1544 3074 loci
1590 3037 1705 3074 non
1750 3023 1885 3074 sunt
1936 3017 2329 3075 confundendi

53 3123 192 3162 cum
229 3103 332 3177 iis,
393 3103 488 3160 ubi
529 3096 692 3164 εὕθυ
740 3109 798 3160 et
839 3095 1034 3173 ευθύς
1075 3094 1252 3179 (ἰθύ,
1309 3095 1485 3177 ἰθύς)
1523 3121 1641 3158 non
1671 3103 2129 3178 praepositiones
2172 3105 2327 3174 sunt,

55 3207 188 3246 cum
236 3188 486 3262 genitivo
529 3193 930 3260 constructae,
995 3187 1135 3262 sed,
1187 3203 1522 3262 quamquam
1568 3187 1771 3243 eodem
1810 3186 2167 3260 significatu,
2223 3185 2329 3240 ad·-

49 3271 256 3330 verbia
287 3270 419 3344 loci,
463 3272 616 3329 unde
647 3272 802 3348 ¹haud
848 3288 976 3327 raro
1018 3270 1376 3346 praepositio
1410 3270 1686 3344 quaedam
1722 3270 1792 3327 iis
1824 3269 2019 3324 addita
2055 3267 2328 3340 cernitur,

53 3355 237 3413 veluti
280 3355 452 3414 Hom.
499 3355 563 3418 ll.
615 3361 717 3430 14,
759 3357 880 3435 4⁰3.-
925 3360 1028 3427 12,
1077 3354 1200 3414 137.
1261 3351 1433 3426 Hym.
1480 3354 1651 3415 Hom.
1710 3354 1768 3411 in
1814 3352 1989 3409 Merc.
2032 3356 2152 3409 342.
2199 3355 2323 3412 355.

49 3441 184 3499 Nec
223 3439 486 3515 profecto
529 3439 884 3513 mirandum,
920 3456 1092 3514 quum
1139 3441 1198 3492 et
1226 3437 1489 3493 notiones
1527 3443 1585 3493 et
1624 3437 1845 3494 formae
1887 3436 2083 3492 harum
2120 3445 2324 3493 vocum

52 3541 263 3600 magna
305 3523 667 3582 similitudine
711 3528 771 3579 et
814 3523 1158 3596 cognatione
1203 3521 1351 3577 inter
1395 3539 1462 3577 se
1510 3521 1947 3596 contingantur,
2011 3519 2059 3575 si
2103 3518 2325 3576 808·Ιί-

51 3607 226 3665 brarii
279 3607 460 3664 solum
505 3607 889 3664 dormitantes
937 3624 1034 3662 eas
1081 3605 1358 3662 interdum
1406 3604 1733 3660 confudisse
1796 3601 2325 3681 deprehenduntur,

51 3694 157 3750 sed
205 3691 418 3748 Graeci
459 3691 567 3768 ipsi
605 3687 847 3748 maxime
883 3689 1234 3746 recentiores
1273 3687 1421 3745 ultro
1466 3690 1722 3762 citroque
1765 3693 2035 3760 nutasse,
2080 3705 2147 3743 ac
2190 3699 2323 3742 mox

51 3772 248 3848 εὐθύς
283 3781 538 3832 veterum
571 3774 906 3843 Atticorum,
951 3772 1452 3847 Atticistarumque
1495 3773 1729 3847 regulae
1769 3771 2173 3830 convenienter
2215 3787 2319 3844 pro

51 3863 250 3918 statim
294 3877 633 3936 usurpasse,
679 3864 740 3914 et
776 3850 936 3917 ευθῦ
971 3873 1078 3931 pro
1121 3855 1336 3910 directo
1376 3855 1478 3932 (cf.
1511 3855 1795 3932 Interppr
1830 3853 1990 3912 Snid.
2030 3871 2078 3910 s.
2122 3871 2175 3907 v.
2222 3845 2317 3911 εὖ

50 3941 178 4016 θός
219 3943 318 4004 καὶ
366 3937 640 4013 ευθέως·
687 3934 1005 4018 α’μφότερα
1048 3931 1394 4014 Ἑλληνικά.
1426 3933 1491 3998 τό
1540 3937 1602 4000 δὲ
1648 3933 1803 3999 ευθῦ
1864 3935 2136 4012 διαφέρει
2178 3928 2316 3993 τού-

48 4053 191 4089 των.
241 4051 314 4088 ου
351 4024 464 4106 γάρ
501 4020 566 4088 τὸ
603 4029 971 4106 παραχρῆμα
1004 4025 1302 4100 σημαίνει,
1343 4015 1491 4082 ἀλλὰ
1518 4017 1585 4083 τό
1616 4045 1727 4092 εως
1764 4023 1865 4082 καὶ
1897 4019 1999 4088 εἰς
2045 4047 2129 4057 -
2169 4013 2317 4070 Vide
2365 4011 2378 4023 ’

48 4121 106 4170 et
147 4111 354 4170 Valck.
408 4113 480 4168 ad
528 4110 786 4167 Ammon.
835 4131 889 4187 p
932 4107 1026 4184 90)
1081 4126 1211 4164 mox
1268 4099 1429 4168 εὐθύ
1485 4125 1591 4183 pro
1636 4103 1829 4163 statim
1884 4099 1978 4171 (cf
2028 4087 2316 4152 Antiaffic

45 4196 237 4259 Bekk
280 4217 340 4274 p.
388 4195 484 4271 96)
532 4201 590 4252 et
638 4187 830 4264 εὕθύς
875 4211 999 4250 cum
1035 4190 1288 4264 genitivo
1334 4191 1735 4247 construxisse.
1818 4180 1942 4318 ged
1982 4177 2129 4234 haec
2182 4193 2321 4234 con-
