2784 4567
419 111 508 178 94
1047 111 1140 172 De
1173 111 1423 174 dialecto
1464 111 1803 174 Herodoto
1844 113 1946 174 lib.
1982 113 2055 176 Π.

418 279 492 344 '16
533 273 768 362 leviatur
817 285 916 338 est
969 279 1397 357 reponendum,
1450 299 1641 357 neque
1694 281 1930 341 multum
1970 278 2119 338 hane
2172 281 2247 340 ad
2286 283 2695 361 quaestionem
2782 291 2784 300 '

419 365 781 458 tribuendum
825 364 952 422 loco
991 363 1259 440 Gregorii
1305 363 1565 424 Corinth.
1608 365 1669 424 d.
1714 365 1771 424 d.
1813 364 1939 423 Ιοιι.
1990 355 2031 442 ἧ
2076 366 2291 441 κρᾶσις
2332 389 2451 428 τοι)
2503 369 2581 472 Ts-
2604 369 2698 428 καὶ

425 450 468 516 ἶ
501 451 670 524 εἰς’
641 474 664 514 ι
688 443 948 529 μακρὸν
987 451 1110 508 τῶν
1148 441 1384 510 Ἰάνων
1426 446 1605 510 ἐστίν.
1652 443 1850 594 ἱὲενς,
1883 447 2041 526 ἰ’ραξ,
2088 447 2243 527 ἴρηξ.
2312 450 2441 525 (De
2488 476 2699 531 ουρος,

421 524 1621 720 {zz‘issqzssdzg'a0¹{⁸.2...¹'fi.:³3{15‚.¹;{;’
1642 551 1949 695 ..ξ’ἑῖέἰῗ
1965 551 2189 696 ..12ῑῖἑὲ
2214 539 2702 678 ‘'io-3233&

419 705 510 764 nin
542 705 778 782 spiritus
806 705 896 760 est
927 700 1249 774 addendus,
1290 719 1478 777 neque
1518 699 1633 760 ulla
1672 700 1840 777 hujus
1884 700 2032 775 legis
2077 701 2331 778 exceptio
2382 705 2704 762 admitten-
2782 769 2784 772 Α

421 787 532 857 da3
571 803 750 866 quare
784 783 1046 842 adsentio
1087 783 1358 843 Bekkero
1402 783 1643 860 aliisque
1681 784 1780 861 qui
1822 781 2072 847 111.142
2112 784 2257 842 male
2306 787 2561 864 vulgato
2608 781 2702 850 οὕ·
2782 833 2784 840 .

421 892 550 948 pius
575 867 971 930 Herodoteum
1013 861 1224 946 ουρισι
1257 868 1690 929 substituerunt.
1732 899 1821 914 -
1860 867 2167 928 Praeterea
2194 867 2393 928 lonico
2438 891 2519 932 ex
2550 891 2701 931 more

423 957 568 1018 dixit
611 958 806 1014 noster
846 943 1054 1029 Ἀἷδην
1097 949 1170 1011 Π.
1219 959 1340 1014 122.

591 1037 724 1096 Alia
755 1034 1032 1094 vocabula
1061 1036 1223 1094 alio
1209 1055 1270 1094 ιιι
1310 1034 1629 1112 significatu
1666 1039 1941 1112 usurpata
1968 1033 2079 1092 alio
2116 1034 2321 1111 spiritu
2364 1040 2577 1096 notari
2618 1061 2699 1097 so-

421 1124 526 1184 lita
570 1126 734 1191 sunt,
785 1121 868 1178 sic
913 1141 1044 1198 ωρη
1083 1119 1296 1196 (ratio,
1339 1137 1491 1196 quae
1533 1117 1772 1177 habetur
1808 1118 2076 1194 alicujus)
2128 1127 2191 1176 et
2232 1142 2361 1198 ωρη
2414 1120 2697 1200 (tempus,

424 1205 572 1265 coeli
621 1210 798 1280 atque
841 1203 994 1260 aeris
1043 1205 1381 1280 temperies,
1438 1202 1579 1262 coeli
1631 1201 1867 1278 plagae)
1926 1203 2210 1262 constanti
2267 1205 2695 1282 significatione
2782 1253 2784 1278 ,

423 1291 575 1348 inter
611 1307 676 1348 se
723 1285 1030 1356 differunt3
1063 1287 1194 1344 vide
1237 1285 1497 1363 exempla
1536 1286 1596 1344 in
1632 1285 1952 1362 Schweigh.
1994 1285 2103 1344 lex.
2140 1287 2358 1351 Herod.
2409 1309 2463 1352 s.
2512 1311 2613 1352 vv.
2650 1301 2695 1349 et

424 1371 672 1448 Etymol.
691 1370 850 1446 Mag.
885 1373 1014 1444 448,
1041 1374 1171 1428 45
1247 1389 1303 1430 V.
1349 1365 1656 1444 θεωρός.
1830 1416 1843 1432 .
1890 1415 1907 1432 .
1955 1365 2122 1448 ὥρην
2164 1364 2280 1450 γὰρ
2326 1371 2558 1454 ἔλεγον
2601 1371 2695 1453 τὴν

425 1456 755 1536 φροντίδα,
800 1458 858 1512 et
898 1471 1236 1531 quamquam
1277 1455 1449 1514 codd.
1488 1406 1949 1514 Herodoteorum
1990 1455 2213 1512 scribae
2252 1457 2564 1516 interdum
2602 1461 2698 1517 hac

423 1542 498 1600 ab
539 1557 739 1599 norma
777 1538 1073 1597 aberrasse
1119 1537 1659 1616 deprehenduntur,
1714 1544 1777 1598 nt
1815 1537 1863 1595 Ι.
1907 1542 1980 1613 4,
2039 1537 2133 1594 ubi
2186 1558 2293 1615 pro
2336 1553 2487 1600 vero
2538 1567 2695 1621 mem

422 1625 748 1706 (μηδεμίαν
793 1645 960 1724 ωρηι
1007 1621 1042 1684 ἔ
1035 1622 1183 1702 χειν)
1225 1623 1318 1680 alii
1362 1645 1551 1724 ωρην,
1596 1623 1766 1686 codd.
1795 1623 1863 1684 S.
1892 1621 1961 1685 V.
1982 1645 2163 1724 ωραν
2204 1633 2563 1706 posuerunt.
2604 1627 2691 1685 111.

426 1716 527 1770 155
585 1713 693 1786 τῆς
745 1699 1000 1804 ovdmlnf
1058 1706 1221 1769 ἔσται
1280 1702 1407 1788 ὤρη
1448 1698 1883 1784 ἀπολλυμένης
1936 1700 2095 1785 (ωρη
2140 1705 2300 1768 ἔσται
2339 1699 2441 1781 S.)
2505 1717 2691 1769 tamen

423 1799 578 1854 recte
611 1793 784 1851 fidem
821 1811 941 1848 non
981 1791 1317 1850 invenerunt
1339 1829 1360 1866 ,
1405 1791 1509 1849 sed
1554 1790 1765 1866 ubique
1798 1808 1948 1848 nunc
1984 1791 2215 1866 quidem
2256 1791 2353 1850 ina
2399 1811 2472 1857 ex
2528 1796 2692 1853 diffe-

423 1879 610 1938 rentia
656 1876 788 1933 hinc
827 1867 992 1952 ὄρη,
1036 1874 1190 1933 illinc
1227 1898 1353 1953 ωρη
1402 1879 1563 1932 recte
1597 1875 1875 1950 scriptun
1910 1874 2213 1932 invenitur.
2283 1901 2295 1914 ι

592 1959 698 2018 His
739 1957 1167 2016 adnumeranda
1207 1964 1340 2017 sunt
1377 1958 1554 2016 verba
1596 1956 1745 2034 ἔργω
1802 1957 2141 2032 excludere,
2195 1963 2255 2015 et
2298 1954 2574 2040 ἕργνυμι
2615 1964 2690 2020 in-

359 2059 366 2067 ·
424 2043 656 2104 cludere
711 2041 962 2116 (Herod.
1012 2039 1088 2097 ΙΙ.
1127 2045 1197 2100 86
1233 2041 1583 2124 ἐσεργνῦσι,
1636 2041 1738 2100 IV.
1778 2045 1847 2101 69
1888 2046 2275 2122 κατεργνῦσι;
2331 2045 2441 2100 sed
2480 2045 2691 2125 κατέρ-

423 2147 633 2210 γοντες
672 2122 769 2186 VI.
804 2130 908 2182 102
941 2127 1276 2201 prementes
1303 2131 1364 2182 et
1398 2127 1456 2182 in
1498 2127 1793 2202 angustias
1837 2133 2144 2201 urgentes,
2184 2127 2335 2192 vide
2342 2126 2574 2192 Buttm,
2613 2151 2692 2206 gr.

421 2229 512 2288 gr.
555 2207 632 2285 ΙΙ,
681 2209 812 2284 169)
861 2205 988 2286 ἔρξε
1029 2205 1128 2267 ΠΙ.
1174 2211 1276 2266 136
1319 2207 1583 2283 inclusit,
1638 2215 1700 2268 et
1742 2205 1921 2288 ἓρκτή
1962 2209 2055 2268 IV.
2101 2214 2208 2270 146
2251 2210 2359 2274 bic.
2420 2218 2537 2272 148
2598 2215 2688 2292 (cf.

423 2293 640 2354 Buttm.
694 2291 731 2349 l.
779 2290 819 2356 1.
873 2296 932 2349 et
975 2288 1126 2352 Lob.
1175 2292 1263 2369 Aj.
1318 2312 1403 2351 vs.
1448 2295 1599 2371 753).
1690 2293 1871 2366 Alibi,
1926 2294 2022 2352 ubi
2070 2313 2207 2356 cum
2257 2299 2692 2396 praepositione

422 2380 668 2456 quadam
705 2372 848 2436 haec
897 2376 1074 2434 verba
1113 2377 1266 2453 apud
1311 2383 1571 2436 nostrum
1606 2378 1915 2454 conjugata
1956 2385 2289 2450 cernuntur,
2342 2397 2461 2438 non
2512 2385 2693 2443 mani-

419 2465 570 2524 festa
609 2461 676 2519 fit
713 2440 1068 2536 differentia,
1114 2479 1288 2537 quum
1321 2461 1443 2538 iam
1483 2479 1687 2539 supra
1700 2463 2010 2520 viderimus
2042 2463 2385 2526 Herodotea
2431 2483 2510 2525 ex
2562 2487 2691 2526 con-

420 2541 720 2609 suetudine
758 2545 1024 2625 spiritum
1071 2564 1336 2622 asperum
1382 2550 1717 2605 constanter
1758 2565 1874 2604 non
1922 2547 2111 2606 valere
2152 2547 2227 2604 ad
2279 2548 2689 2608 immutandam
2778 2543 2784 2868 ¹

407 2625 647 2693 ¹tenuem
665 2631 1130 2708 praecedentem.
1217 2630 1336 2688 Sed
1375 2633 1535 2688 recte
1575 2631 1790 2688 codicis
1826 2629 1863 2688 b
1898 2631 2181 2708 scriptura
2216 2629 2541 2711 εἴργεσθαι
2575 2633 2687 2695 VII.

421 2713 523 2776 197
565 2716 628 2771 in
667 2716 912 2790 vulgatis
952 2713 1142 2772 verbis
1185 2712 1471 2794 ἔργεσθαι
1497 2717 1611 2776 τοῦ
1637 2716 2016 2791 πρυιανηΐου
2059 2713 2323 2791 neglecta
2349 2723 2465 2792 est,
2519 2739 2689 2796 quum

417 2799 529 2857 hoc
569 2797 626 2854 in
667 2795 794 2854 loco
835 2793 1118 2876 ἔργεσθαι
1156 2796 1295 2855 nihil
1334 2798 1447 2861 nisi
1487 2787 1705 2858 excludi
1744 2799 1932 2876 possit
1966 2799 2263 2860 denotare.

587 2877 802 2938 Verum
843 2885 905 2937 ut
951 2876 1104 2956 ἔρδω
1149 2885 1208 2938 et
1251 2879 1430 2962 ἔρδον
1473 2883 1531 2941 in
1582 2882 1871 2959 praesenti
1920 2888 1981 2940 et
2033 2883 2367 2962 imperfecto
2399 2887 2688 2961 tempore
2782 2877 2784 2918 ³

421 2967 753 3024 constanter
799 2963 953 3039 opud
1003 2969 1262 3024 nostrum
1311 2984 1518 3042 aspero
1572 2966 1779 3070 spiritu
1831 2966 2139 3027 scribenda
2188 2986 2317 3026 esse
2347 2969 2687 3041 ,contendQ

419 3048 505 3106 sic
539 3047 814 3106 aon-istum
861 3044 1038 3125 ἔρξαν
1072 3047 1140 3109 V.
1178 3053 1265 3109 65.
1313 3047 1467 3108 VIII.
1507 3053 1565 3126 8,
1606 3056 1663 3114 2.
1706 3042 2093 3128 (ἆπὲρξαντες
2132 3049 2229 3114 IV.
2268 3049 2363 3124 62)
2406 3050 2531 3110 leni
2572 3051 2687 3130 spi·
2782 3075 2784 3132 ᾗ

419 3133 532 3190 ritu
575 3136 638 3189 et
677 3129 750 3188 ab
791 3131 1056 3200 inusitata
1089 3134 1408 3210 praesentis
1442 3131 1715 3210 temporis
1752 3135 1936 3194 forma
1967 3133 2069 3216 ἔγρ
2074 3158 2119 3196 ω
2158 3134 2562 3201 derivandum.
2620 3135 2689 3192 Et
2782 3133 2784 3210 1

419 3215 610 3291 eodm!
664 3215 893 3293 quidem
951 3233 1167 3275 summa
1219 3219 1597 3279 consensione
1651 3237 1849 3279 omnes
1903 3219 2158 3278 scribunt
2196 3218 2244 3281 Ι.
2290 3221 2415 3277 137.
2458 3217 2542 3278 ΙΙ.
2588 3226 2687 3278 121
2782 3283 2784 3302 Ι

419 3299 714 3380 (ἔρδουσι)
753 3299 858 3360 ΙΠ.
895 3305 967 3360 38
1011 3299 1204 3381 ἕρδειν
1246 3301 1334 3378 (et
1375 3301 1459 3360 sic
1500 3301 1609 3361 hoc
1652 3319 1722 3360 ex
1760 3279 1888 3362 loco
1937 3301 2227 3378 Origenes
2268 3309 2373 3374 ctr-
2403 3301 2572 3367 Cels.
2620 3303 2687 3376 V,
2782 3325 2784 3374 1

415 3403 477 3462 p.
515 3390 641 3459 254,
678 3385 770 3443 ed.
810 3383 1143 3462 Cantabrig.
1187 3405 1338 3444 anno
1382 3385 1545 3485 1658)
1576 3385 1772 3445 ΙΠ,80
1810 3383 2021 3468 (ἔρδει)
2056 3386 2154 3449 VI.
2194 3391 2285 3447 88.
2328 3367 2430 3447 I‘V.
2472 3391 2557 3448 60
2598 3387 2687 3466 ἕρ·
2782 3375 2784 3452 l

418 3467 670 3547 &outvm
711 3469 867 3527 unde
903 3473 1118 3546 putet,
1153 3471 1226 3528 iis
1263 3471 1460 3548 paucis
1504 3471 1681 3546 locis,
1738 3471 1834 3532 ubi
1878 3471 1973 3530 alii
2014 3473 2203 3533 lenem
2247 3471 2515 3548 spiritum
2562 3471 2687 3530 huic

416 3553 598 3610 verbo
638 3553 1012 3628 addiderunt,
1071 3553 1274 3616 malam
1319 3555 1816 3629 grammaticorum
1860 3557 2276 3614 correctionem
2318 3571 2452 3615 sese
2502 3556 2687 3614 immi-

415 3637 655 3712 scuisse,
699 3637 827 3698 vide
855 3637 1052 3697 Lexic.
1097 3636 1233 3744 περὶ
1273 3658 1487 3716 πνευμ.
1522 3658 1580 3715 p.
1615 3643 1721 3701 218
1758 3633 1827 3700 τό
1858 3635 2017 3722 ἔρδω
2068 3639 2133 3702 ἐν
2176 3644 2303 3710 τοῖς
2342 3642 2454 3699 τοῦ
2478 3628 2685 3700 Ἰωάν·

415 3742 532 3782 νου
591 3719 1012 3826 δασυνόμενον
1069 3745 1298 3801 ευρον,
1370 3720 1524 3784 ἔνιοι
1582 3719 1649 3783 δὲ
1702 3663 1975 3825 φιλοῦσι.
2063 3725 2183 3782 Sed
2240 3722 2537 3788 Eustath.
2574 3724 2687 3782 Od.

415 3791 612 3866 1577
593 3833 680 3860 -.-
715 3811 815 3866 281
859 3800 928 3868 τὸ
969 3805 1036 3868 δὲ
1081 3805 1308 3884 ἕρδειν,
1364 3827 1461 3868 οτι
1505 3801 1859 3882 δασύνεται,
1919 3800 2003 3880 ὥς
2050 3802 2173 3878 ἆπὸ
2214 3809 2323 3869 τοῦ
2366 3807 2549 3886 ῥέζω.
2610 3809 2683 3864 cf.

411 3887 464 3946 Ι
470 3890 560 3950 ob.
611 3891 703 3968 Aj.
755 3911 839 3947 vs.
885 3894 1007 3948 905.
1099 3889 1168 3948 Et
1225 3890 1307 3946 sic
1361 3887 1410 3945 I.
1463 3894 1565 3948 119
1620 3900 1774 3953 recte
1830 3911 1980 3950 nunc
2032 3893 2293 3967 vulgatur
2345 3913 2372 3952 ε
2375 3892 2495 3976 ρδῃ
2562 3911 2687 3950 cum

413 3975 583 4032 codd.
627 3975 707 4032 Μ.
747 3973 823 4032 Κ.
864 3975 927 4030 S.
966 3971 1037 4030 F.
1083 3993 1132 4032 a.
1178 3993 1231 4032 c.
1285 3969 1477 4053 (sodon
1522 3974 1617 4032 alii
1657 3993 1785 4032 cum
1826 3976 1901 4036 R.
1946 3973 2035 4052 d.)
2091 3974 2256 4054 ἔρδοι
2298 3975 2354 4037 b.
2418 4007 2510 4020 -ο-
2582 3979 2685 4034 131

409 4059 638 4130 θυσίας
679 4057 740 4136 ἕρ
747 4059 872 4118 §sav
911 4055 1101 4117 Bekk.
1159 4057 1286 4132 alii,
1337 4065 1399 4115 et
1442 4058 1683 4132 Origen.
1728 4064 1831 4116 ctr.
1875 4060 2029 4118 Cels.
2074 4060 2167 4132 V,
2160 4080 2245 4136 p.
2286 4061 2394 4118 259
2446 4057 2566 4118 hoc
2618 4079 2687 4118 ex

413 4141 575 4214 loco,
617 4081 740 4198 ιιΙίἰρ
746 4137 960 4220 ἔρδειν.
997 4185 1004 4194 .
1019 4140 1196 4206 VIII.
1243 4145 1346 4200 143
1387 4139 1589 4224 ἕρδειν
1638 4142 1852 4217 vulgat.
1896 4143 2093 4224 ἔρδειν
2136 4142 2208 4206 F.
2294 4141 2393 4202 lx.
2438 4149 2553 4204 103
2593 4143 2687 4224 ἕρ·
