<?xml version="1.0" encoding="UTF-8"?>
<!DOCTYPE html PUBLIC "-//W3C//DTD XHTML 1.0 Transitional//EN"
    "http://www.w3.org/TR/xhtml1/DTD/xhtml1-transitional.dtd">
<html xmlns="http://www.w3.org/1999/xhtml" xml:lang="en" lang="en">
 <head>
  <title>
</title>
<meta http-equiv="Content-Type" content="text/html;charset=utf-8" />
  <meta name='ocr-system' content='tesseract 3.04.00' />
  <meta name='ocr-capabilities' content='ocr_page ocr_carea ocr_par ocr_line ocrx_word'/>
</head>
<body>
  <div class='ocr_page' id='page_1' title='image "./quaestionumcrit00unkngoog_0392.png"; bbox 0 0 2784 4567; ppageno 0'>
   <div class='ocr_carea' id='block_1_1' title="bbox 343 150 1985 221">
    <p class='ocr_par' dir='ltr' id='par_1_1' title="bbox 343 150 1985 221">
     <span class='ocr_line' id='line_1_1' title="bbox 343 150 1985 221; baseline -0.005 -2"><span class='ocrx_word' id='word_1_1' title='bbox 343 152 476 221; x_wconf 72' lang='lat'><strong>³78</strong></span> <span class='ocrx_word' id='word_1_2' title='bbox 946 154 1039 217; x_wconf 87' lang='lat' dir='ltr'><strong>De</strong></span> <span class='ocrx_word' id='word_1_3' title='bbox 1080 154 1325 216; x_wconf 81' lang='lat' dir='ltr'><strong>dialecto</strong></span> <span class='ocrx_word' id='word_1_4' title='bbox 1364 152 1704 213; x_wconf 76' lang='lat' dir='ltr'><strong>Herodotea</strong></span> <span class='ocrx_word' id='word_1_5' title='bbox 1743 150 1839 213; x_wconf 88' lang='lat' dir='ltr'><strong>lib.</strong></span> <span class='ocrx_word' id='word_1_6' title='bbox 1883 150 1985 211; x_wconf 84' lang='lat' dir='ltr'><strong>1v.</strong></span> 
     </span>
    </p>
   </div>
   <div class='ocr_carea' id='block_1_2' title="bbox 330 314 2646 4281">
    <p class='ocr_par' dir='ltr' id='par_1_2' title="bbox 340 314 2646 823">
     <span class='ocr_line' id='line_1_2' title="bbox 346 314 2646 402; baseline -0.001 -16"><span class='ocrx_word' id='word_1_7' title='bbox 346 329 615 386; x_wconf 84' lang='lat' dir='ltr'><strong>constant</strong></span> <span class='ocrx_word' id='word_1_8' title='bbox 656 322 908 401; x_wconf 76' lang='lat' dir='ltr'><strong>syllabis.</strong></span> <span class='ocrx_word' id='word_1_9' title='bbox 992 324 1093 383; x_wconf 91' lang='lat' dir='ltr'><strong>Sic</strong></span> <span class='ocrx_word' id='word_1_10' title='bbox 1140 323 1285 381; x_wconf 76' lang='lat' dir='ltr'><strong>dixit</strong></span> <span class='ocrx_word' id='word_1_11' title='bbox 1332 326 1532 381; x_wconf 84' lang='lat' dir='ltr'><strong>noster</strong></span> <span class='ocrx_word' id='word_1_12' title='bbox 1573 314 2066 402; x_wconf 75' lang='grc' dir='ltr'><strong><em>ἆνδραποδιεῖται</em></strong></span> <span class='ocrx_word' id='word_1_13' title='bbox 2119 317 2220 382; x_wconf 86' lang='lat' dir='ltr'><strong>VI.</strong></span> <span class='ocrx_word' id='word_1_14' title='bbox 2279 324 2373 379; x_wconf 83' lang='lat'><strong>17.</strong></span> <span class='ocrx_word' id='word_1_15' title='bbox 2475 318 2646 397; x_wconf 75' lang='grc' dir='ltr'><strong><em>ἐξαν-</em></strong></span> 
     </span>
     <span class='ocr_line' id='line_1_3' title="bbox 344 400 2644 485; baseline -0.004 -13"><span class='ocrx_word' id='word_1_16' title='bbox 344 410 812 485; x_wconf 77' lang='grc' dir='ltr'><strong><em>δραποδιεῦνται</em></strong></span> <span class='ocrx_word' id='word_1_17' title='bbox 844 407 941 467; x_wconf 87' lang='lat' dir='ltr'><strong>vl.</strong></span> <span class='ocrx_word' id='word_1_18' title='bbox 980 412 1035 471; x_wconf 84' lang='lat'><strong>9.</strong></span> <span class='ocrx_word' id='word_1_19' title='bbox 1122 400 1772 485; x_wconf 70' lang='grc' dir='ltr'><strong><em>δξανδραποδιούμενοι</em></strong></span> <span class='ocrx_word' id='word_1_20' title='bbox 1813 404 1862 463; x_wconf 93' lang='grc' dir='ltr'><strong>Ι.</strong></span> <span class='ocrx_word' id='word_1_21' title='bbox 1903 410 1974 465; x_wconf 93' lang='grc'><strong>66</strong></span> <span class='ocrx_word' id='word_1_22' title='bbox 2019 404 2201 479; x_wconf 57' lang='lat' dir='ltr'><strong>vulg„</strong></span> <span class='ocrx_word' id='word_1_23' title='bbox 2253 404 2358 463; x_wconf 86' lang='lat' dir='ltr'><strong>nbi</strong></span> <span class='ocrx_word' id='word_1_24' title='bbox 2407 405 2644 464; x_wconf 78' lang='lat' dir='ltr'><strong>Scbaef.</strong></span> 
     </span>
     <span class='ocr_line' id='line_1_4' title="bbox 340 484 2640 569; baseline -0 -16"><span class='ocrx_word' id='word_1_25' title='bbox 340 493 529 557; x_wconf 75' lang='lat' dir='ltr'><strong>Rekk.</strong></span> <span class='ocrx_word' id='word_1_26' title='bbox 573 494 697 552; x_wconf 87' lang='lat' dir='ltr'><strong>sine</strong></span> <span class='ocrx_word' id='word_1_27' title='bbox 738 512 913 553; x_wconf 84' lang='lat' dir='ltr'><strong>causa</strong></span> <span class='ocrx_word' id='word_1_28' title='bbox 954 484 1489 569; x_wconf 69' lang='grc' dir='ltr'><strong><em>ὃξανδραποδιεόμ.</em></strong></span> <span class='ocrx_word' id='word_1_29' title='bbox 1549 522 1622 539; x_wconf 88' lang='lat'><strong>·-—</strong></span> <span class='ocrx_word' id='word_1_30' title='bbox 1687 494 2026 569; x_wconf 75' lang='grc' dir='ltr'><strong><em>νομιοῦμεν</em></strong></span> <span class='ocrx_word' id='word_1_31' title='bbox 2069 487 2143 546; x_wconf 91' lang='lat' dir='ltr'><strong>II.</strong></span> <span class='ocrx_word' id='word_1_32' title='bbox 2196 490 2293 547; x_wconf 88' lang='grc'><strong>17.</strong></span> <span class='ocrx_word' id='word_1_33' title='bbox 2391 484 2640 565; x_wconf 67' lang='grc' dir='ltr'><strong><em>κομιεύ-</em></strong></span> 
     </span>
     <span class='ocr_line' id='line_1_5' title="bbox 344 569 2637 657; baseline -0.005 -16"><span class='ocrx_word' id='word_1_34' title='bbox 344 584 509 657; x_wconf 75' lang='grc' dir='ltr'><strong><em>μεθα</em></strong></span> <span class='ocrx_word' id='word_1_35' title='bbox 544 578 699 643; x_wconf 83' lang='lat' dir='ltr'><strong>vm.</strong></span> <span class='ocrx_word' id='word_1_36' title='bbox 740 582 829 638; x_wconf 76' lang='lat'><strong>62.</strong></span> <span class='ocrx_word' id='word_1_37' title='bbox 918 575 1356 657; x_wconf 71' lang='grc' dir='ltr'><strong><em>δναγωνιεῦμαι</em></strong></span> <span class='ocrx_word' id='word_1_38' title='bbox 1401 574 1504 633; x_wconf 86' lang='lat'><strong>111.</strong></span> <span class='ocrx_word' id='word_1_39' title='bbox 1545 580 1637 637; x_wconf 83' lang='grc'><strong>83.</strong></span> <span class='ocrx_word' id='word_1_40' title='bbox 1725 569 2338 654; x_wconf 65' lang='grc' dir='ltr'><strong>ἀνταγωνιευμένους</strong></span> <span class='ocrx_word' id='word_1_41' title='bbox 2400 576 2480 636; x_wconf 85' lang='lat' dir='ltr'><strong>V.</strong></span> <span class='ocrx_word' id='word_1_42' title='bbox 2515 580 2637 635; x_wconf 87' lang='grc'><strong>109.</strong></span> 
     </span>
     <span class='ocr_line' id='line_1_6' title="bbox 344 654 2642 823; baseline -0.002 -16"><span class='ocrx_word' id='word_1_43' title='bbox 344 654 749 807; x_wconf 44' lang='lat' dir='ltr'><strong>goffia-,me</strong></span> <span class='ocrx_word' id='word_1_44' title='bbox 806 662 899 767; x_wconf 56' lang='grc' dir='ltr'><strong>Ὗ·</strong></span> <span class='ocrx_word' id='word_1_45' title='bbox 929 664 1269 806; x_wconf 64' lang='lat' dir='ltr'><strong>1i⁷²i21¹⁸²5</strong></span> <span class='ocrx_word' id='word_1_46' title='bbox 1324 654 1982 823; x_wconf 61' lang='lat' dir='ltr'><strong>(⁸⁸⁶⁰12},“¹}›⁹⁸i⁰‘d¹)x&#39;</strong></span> <span class='ocrx_word' id='word_1_47' title='bbox 2025 664 2642 821; x_wconf 52' lang='lat' dir='ltr'><strong>524..-:3{“f3”35²</strong></span> 
     </span>
    </p>

    <p class='ocr_par' dir='ltr' id='par_1_3' title="bbox 330 766 2638 3765">
     <span class='ocr_line' id='line_1_7' title="bbox 429 766 2630 809; baseline -0.001 -4"><span class='ocrx_word' id='word_1_48' title='bbox 429 768 997 809; x_wconf 84' lang='grc' dir='ltr'><strong><em>..κοιει.</em></strong></span> <span class='ocrx_word' id='word_1_49' title='bbox 1356 766 1427 805; x_wconf 90' lang='grc' dir='ltr'><strong><em>κο</em></strong></span> <span class='ocrx_word' id='word_1_50' title='bbox 2197 768 2221 802; x_wconf 90' lang='grc' dir='ltr'><strong>ι</strong></span> <span class='ocrx_word' id='word_1_51' title='bbox 2485 786 2630 803; x_wconf 92' lang='grc'><strong>..</strong></span> 
     </span>
     <span class='ocr_line' id='line_1_8' title="bbox 330 767 2634 914; baseline -0.003 -19"><span class='ocrx_word' id='word_1_52' title='bbox 330 838 691 914; x_wconf 45' lang='grc' dir='ltr'><strong>δχαριεῖσθαι</strong></span> <span class='ocrx_word' id='word_1_53' title='bbox 748 768 793 890; x_wconf 54' lang='lat' dir='ltr'><strong><em>r</em></strong></span> <span class='ocrx_word' id='word_1_54' title='bbox 854 834 977 892; x_wconf 79' lang='lat'><strong>158.</strong></span> <span class='ocrx_word' id='word_1_55' title='bbox 1040 828 1142 889; x_wconf 83' lang='lat'><strong>111.</strong></span> <span class='ocrx_word' id='word_1_56' title='bbox 1173 786 1293 889; x_wconf 66' lang='lat'><strong>’39-</strong></span> <span class='ocrx_word' id='word_1_57' title='bbox 1378 767 1961 890; x_wconf 53' lang='lat' dir='ltr'><strong>&amp;gacxotometoom</strong></span> <span class='ocrx_word' id='word_1_58' title='bbox 2017 826 2120 884; x_wconf 86' lang='lat'><strong>111.</strong></span> <span class='ocrx_word' id='word_1_59' title='bbox 2181 831 2320 886; x_wconf 82' lang='lat'><strong>132.</strong></span> <span class='ocrx_word' id='word_1_60' title='bbox 2395 827 2504 887; x_wconf 78' lang='lat' dir='ltr'><strong>lv,</strong></span> <span class='ocrx_word' id='word_1_61' title='bbox 2551 834 2634 887; x_wconf 75' lang='lat'><strong>43.</strong></span> 
     </span>
     <span class='ocr_line' id='line_1_9' title="bbox 344 911 2635 991; baseline -0.003 -11"><span class='ocrx_word' id='word_1_62' title='bbox 344 916 770 980; x_wconf 67' lang='grc' dir='ltr'><strong><em>ἕπισιτιεῖσθαι</em></strong></span> <span class='ocrx_word' id='word_1_63' title='bbox 814 914 941 977; x_wconf 87' lang='lat' dir='ltr'><strong>vn.</strong></span> <span class='ocrx_word' id='word_1_64' title='bbox 998 918 1119 974; x_wconf 89' lang='grc'><strong>176.</strong></span> <span class='ocrx_word' id='word_1_65' title='bbox 1208 918 1514 991; x_wconf 74' lang='grc' dir='ltr'><strong><em>καταγιεῖν</em></strong></span> <span class='ocrx_word' id='word_1_66' title='bbox 1569 912 1614 971; x_wconf 91' lang='grc' dir='ltr'><strong>Ι.</strong></span> <span class='ocrx_word' id='word_1_67' title='bbox 1661 916 1752 975; x_wconf 93' lang='grc'><strong>86.</strong></span> <span class='ocrx_word' id='word_1_68' title='bbox 1837 914 2306 989; x_wconf 74' lang='grc' dir='ltr'><strong><em>καταπλουτιεῖν</em></strong></span> <span class='ocrx_word' id='word_1_69' title='bbox 2351 911 2462 971; x_wconf 85' lang='lat' dir='ltr'><strong>Vl.</strong></span> <span class='ocrx_word' id='word_1_70' title='bbox 2517 918 2635 972; x_wconf 78' lang='lat'><strong>132.</strong></span> 
     </span>
     <span class='ocr_line' id='line_1_10' title="bbox 344 994 2633 1082; baseline -0.003 -18"><span class='ocrx_word' id='word_1_71' title='bbox 344 1006 664 1082; x_wconf 76' lang='grc' dir='ltr'><strong><em>μακαριεῖν</em></strong></span> <span class='ocrx_word' id='word_1_72' title='bbox 705 1000 809 1061; x_wconf 82' lang='grc' dir='ltr'><strong>ῘΧ.</strong></span> <span class='ocrx_word' id='word_1_73' title='bbox 850 1003 937 1059; x_wconf 76' lang='grc'><strong>93.</strong></span> <span class='ocrx_word' id='word_1_74' title='bbox 1026 994 1327 1077; x_wconf 81' lang='grc' dir='ltr'><strong><em>ἇτρεμιεῖν</em></strong></span> <span class='ocrx_word' id='word_1_75' title='bbox 1366 996 1517 1055; x_wconf 82' lang='lat' dir='ltr'><strong>Vm.</strong></span> <span class='ocrx_word' id='word_1_76' title='bbox 1545 1000 1636 1071; x_wconf 85' lang='lat'><strong>68,</strong></span> <span class='ocrx_word' id='word_1_77' title='bbox 1665 1002 1702 1055; x_wconf 75' lang='lat'>2</span> <span class='ocrx_word' id='word_1_78' title='bbox 1749 1003 1903 1055; x_wconf 82' lang='lat' dir='ltr'><strong>recte</strong></span> <span class='ocrx_word' id='word_1_79' title='bbox 1943 996 2094 1071; x_wconf 79' lang='lat' dir='ltr'><strong>vulg.</strong></span> <span class='ocrx_word' id='word_1_80' title='bbox 2141 1014 2278 1052; x_wconf 82' lang='lat' dir='ltr'><strong>cum</strong></span> <span class='ocrx_word' id='word_1_81' title='bbox 2324 998 2515 1055; x_wconf 84' lang='lat' dir='ltr'><strong>codd.</strong></span> <span class='ocrx_word' id='word_1_82' title='bbox 2557 996 2633 1059; x_wconf 85' lang='lat' dir='ltr'><strong>K.</strong></span> 
     </span>
     <span class='ocr_line' id='line_1_11' title="bbox 345 1071 2634 1163; baseline -0.003 -18"><span class='ocrx_word' id='word_1_83' title='bbox 345 1085 414 1145; x_wconf 72' lang='lat' dir='ltr'><strong>F.</strong></span> <span class='ocrx_word' id='word_1_84' title='bbox 452 1104 523 1145; x_wconf 83' lang='lat' dir='ltr'><strong>ac</strong></span> <span class='ocrx_word' id='word_1_85' title='bbox 562 1084 758 1163; x_wconf 83' lang='lat' dir='ltr'><strong>procul</strong></span> <span class='ocrx_word' id='word_1_86' title='bbox 796 1084 1173 1160; x_wconf 82' lang='lat' dir='ltr'><strong>abjiciendum</strong></span> <span class='ocrx_word' id='word_1_87' title='bbox 1202 1082 1357 1160; x_wconf 90' lang='lat' dir='ltr'><strong>quod</strong></span> <span class='ocrx_word' id='word_1_88' title='bbox 1401 1082 1536 1141; x_wconf 79' lang='lat' dir='ltr'><strong>cod.</strong></span> <span class='ocrx_word' id='word_1_89' title='bbox 1557 1082 1621 1139; x_wconf 90' lang='lat' dir='ltr'><strong>S.</strong></span> <span class='ocrx_word' id='word_1_90' title='bbox 1658 1080 1923 1159; x_wconf 82' lang='lat' dir='ltr'><strong>praebuit</strong></span> <span class='ocrx_word' id='word_1_91' title='bbox 1967 1071 2329 1157; x_wconf 77' lang='grc' dir='ltr'><strong><em>ἆτρεμιέειν,</em></strong></span> <span class='ocrx_word' id='word_1_92' title='bbox 2377 1087 2452 1138; x_wconf 85' lang='lat' dir='ltr'><strong>ut</strong></span> <span class='ocrx_word' id='word_1_93' title='bbox 2489 1078 2634 1138; x_wconf 86' lang='lat' dir='ltr'>VIII.</span> 
     </span>
     <span class='ocr_line' id='line_1_12' title="bbox 345 1163 2630 1242; baseline -0.002 -13"><span class='ocrx_word' id='word_1_94' title='bbox 345 1172 451 1229; x_wconf 77' lang='lat'><strong>136</strong></span> <span class='ocrx_word' id='word_1_95' title='bbox 484 1170 743 1227; x_wconf 84' lang='lat' dir='ltr'><strong>codicum</strong></span> <span class='ocrx_word' id='word_1_96' title='bbox 784 1168 849 1231; x_wconf 94' lang='lat' dir='ltr'><strong>S.</strong></span> <span class='ocrx_word' id='word_1_97' title='bbox 877 1168 945 1225; x_wconf 81' lang='lat' dir='ltr'><strong>V.</strong></span> <span class='ocrx_word' id='word_1_98' title='bbox 988 1166 1301 1229; x_wconf 77' lang='grc' dir='ltr'><strong><em>θεσπιέειν</em></strong></span> <span class='ocrx_word' id='word_1_99' title='bbox 1340 1184 1450 1242; x_wconf 85' lang='lat' dir='ltr'><strong>pro</strong></span> <span class='ocrx_word' id='word_1_100' title='bbox 1493 1171 1768 1227; x_wconf 82' lang='grc' dir='ltr'><strong><em>θεσπιεῖν</em></strong></span> <span class='ocrx_word' id='word_1_101' title='bbox 1808 1165 1932 1239; x_wconf 86' lang='lat' dir='ltr'><strong>jam</strong></span> <span class='ocrx_word' id='word_1_102' title='bbox 1969 1163 2106 1223; x_wconf 88' lang='lat' dir='ltr'><strong>olim</strong></span> <span class='ocrx_word' id='word_1_103' title='bbox 2149 1170 2320 1222; x_wconf 86' lang='lat' dir='ltr'><strong>recte</strong></span> <span class='ocrx_word' id='word_1_104' title='bbox 2369 1165 2630 1242; x_wconf 81' lang='lat' dir='ltr'><strong>vulgato.</strong></span> 
     </span>
     <span class='ocr_line' id='line_1_13' title="bbox 344 1248 2638 1328; baseline -0.001 -19"><span class='ocrx_word' id='word_1_105' title='bbox 344 1252 723 1309; x_wconf 80' lang='lat' dir='ltr'><strong>Buttmannns</strong></span> <span class='ocrx_word' id='word_1_106' title='bbox 767 1251 995 1327; x_wconf 84' lang='lat' dir='ltr'><strong>quidem</strong></span> <span class='ocrx_word' id='word_1_107' title='bbox 1036 1270 1126 1325; x_wconf 84' lang='lat' dir='ltr'><strong>gr.</strong></span> <span class='ocrx_word' id='word_1_108' title='bbox 1170 1270 1258 1327; x_wconf 82' lang='lat' dir='ltr'><strong>gr.</strong></span> <span class='ocrx_word' id='word_1_109' title='bbox 1300 1248 1349 1322; x_wconf 87' lang='grc' dir='ltr'><strong>Ι,</strong></span> <span class='ocrx_word' id='word_1_110' title='bbox 1392 1267 1452 1328; x_wconf 82' lang='lat' dir='ltr'><strong>p.</strong></span> <span class='ocrx_word' id='word_1_111' title='bbox 1479 1253 1602 1309; x_wconf 73' lang='lat'><strong>-394</strong></span> <span class='ocrx_word' id='word_1_112' title='bbox 1643 1250 1983 1323; x_wconf 75' lang='grc' dir='ltr'><strong><em>θεσπιέειν,</em></strong></span> <span class='ocrx_word' id='word_1_113' title='bbox 2029 1248 2118 1305; x_wconf 87' lang='lat' dir='ltr'><strong>cui</strong></span> <span class='ocrx_word' id='word_1_114' title='bbox 2167 1249 2350 1309; x_wconf 82' lang='lat' dir='ltr'><strong>etiam</strong></span> <span class='ocrx_word' id='word_1_115' title='bbox 2393 1268 2638 1327; x_wconf 74' lang='lat' dir='ltr'><strong>perver-</strong></span> 
     </span>
     <span class='ocr_line' id='line_1_14' title="bbox 344 1324 2636 1413; baseline -0 -20"><span class='ocrx_word' id='word_1_116' title='bbox 344 1352 467 1393; x_wconf 83' lang='lat' dir='ltr'><strong>sam</strong></span> <span class='ocrx_word' id='word_1_117' title='bbox 506 1334 721 1392; x_wconf 88' lang='lat' dir='ltr'><strong>codicis</strong></span> <span class='ocrx_word' id='word_1_118' title='bbox 775 1335 838 1391; x_wconf 89' lang='lat' dir='ltr'><strong>S.</strong></span> <span class='ocrx_word' id='word_1_119' title='bbox 897 1332 1243 1411; x_wconf 83' lang='lat' dir='ltr'><strong>scripturam</strong></span> <span class='ocrx_word' id='word_1_120' title='bbox 1286 1324 1616 1413; x_wconf 76' lang='grc' dir='ltr'><strong><em>οἷτρεμιέειν</em></strong></span> <span class='ocrx_word' id='word_1_121' title='bbox 1658 1332 1812 1394; x_wconf 88' lang='lat' dir='ltr'>VIII.</span> <span class='ocrx_word' id='word_1_122' title='bbox 1847 1338 1953 1407; x_wconf 88' lang='grc'><strong>68,</strong></span> <span class='ocrx_word' id='word_1_123' title='bbox 1995 1338 2030 1390; x_wconf 79' lang='lat'><em>2</em></span> <span class='ocrx_word' id='word_1_124' title='bbox 2049 1370 2068 1405; x_wconf 90' lang='lat'>‚</span> <span class='ocrx_word' id='word_1_125' title='bbox 2135 1333 2418 1391; x_wconf 84' lang='lat' dir='ltr'><strong>omnibus</strong></span> <span class='ocrx_word' id='word_1_126' title='bbox 2479 1341 2636 1392; x_wconf 77' lang='lat' dir='ltr'><strong>recte</strong></span> 
     </span>
     <span class='ocr_line' id='line_1_15' title="bbox 344 1416 2632 1497; baseline -0.001 -18"><span class='ocrx_word' id='word_1_127' title='bbox 344 1416 739 1497; x_wconf 83' lang='lat' dir='ltr'><strong>improbatam,</strong></span> <span class='ocrx_word' id='word_1_128' title='bbox 782 1416 999 1477; x_wconf 86' lang='lat' dir='ltr'><strong>addere</strong></span> <span class='ocrx_word' id='word_1_129' title='bbox 1040 1421 1270 1494; x_wconf 85' lang='lat' dir='ltr'><strong>poterat</strong></span> <span class='ocrx_word' id='word_1_130' title='bbox 1284 1454 1304 1490; x_wconf 91' lang='lat'><strong>,</strong></span> <span class='ocrx_word' id='word_1_131' title='bbox 1340 1435 1470 1476; x_wconf 85' lang='lat' dir='ltr'><strong>cum</strong></span> <span class='ocrx_word' id='word_1_132' title='bbox 1512 1416 1754 1497; x_wconf 73' lang='grc' dir='ltr'><strong><em>λαβέειν</em></strong></span> <span class='ocrx_word' id='word_1_133' title='bbox 1795 1416 2170 1494; x_wconf 84' lang='lat' dir='ltr'><strong>comparavit,</strong></span> <span class='ocrx_word' id='word_1_134' title='bbox 2213 1434 2372 1493; x_wconf 84' lang='lat' dir='ltr'><strong>quas</strong></span> <span class='ocrx_word' id='word_1_135' title='bbox 2421 1416 2632 1477; x_wconf 77' lang='lat' dir='ltr'><strong>formas</strong></span> 
     </span>
     <span class='ocr_line' id='line_1_16' title="bbox 344 1498 2632 1580; baseline -0.001 -18"><span class='ocrx_word' id='word_1_136' title='bbox 344 1503 515 1563; x_wconf 85' lang='lat' dir='ltr'><strong>Iones</strong></span> <span class='ocrx_word' id='word_1_137' title='bbox 555 1502 603 1565; x_wconf 69' lang='lat' dir='ltr'><strong>&#39;a</strong></span> <span class='ocrx_word' id='word_1_138' title='bbox 634 1502 878 1561; x_wconf 79' lang='lat' dir='ltr'><strong>litteram</strong></span> <span class='ocrx_word' id='word_1_139' title='bbox 920 1502 1227 1560; x_wconf 87' lang='lat' dir='ltr'><strong>inserendo</strong></span> <span class='ocrx_word' id='word_1_140' title='bbox 1270 1501 1647 1560; x_wconf 84' lang='lat' dir='ltr'><strong>diduxisseut.</strong></span> <span class='ocrx_word' id='word_1_141' title='bbox 1730 1501 1851 1559; x_wconf 87' lang='lat' dir='ltr'><strong>Sed</strong></span> <span class='ocrx_word' id='word_1_142' title='bbox 1891 1506 1950 1559; x_wconf 90' lang='lat' dir='ltr'><strong>ut</strong></span> <span class='ocrx_word' id='word_1_143' title='bbox 1997 1498 2232 1579; x_wconf 73' lang='grc' dir='ltr'><strong><em>λαβέειν</em></strong></span> <span class='ocrx_word' id='word_1_144' title='bbox 2269 1501 2402 1576; x_wconf 85' lang='lat' dir='ltr'><strong>jam</strong></span> <span class='ocrx_word' id='word_1_145' title='bbox 2462 1520 2632 1580; x_wconf 79' lang='lat' dir='ltr'><strong>supra</strong></span> 
     </span>
     <span class='ocr_line' id='line_1_17' title="bbox 345 1586 2632 1663; baseline 0.001 -18"><span class='ocrx_word' id='word_1_146' title='bbox 345 1589 591 1649; x_wconf 77' lang='lat' dir='ltr'><strong>vidimus</strong></span> <span class='ocrx_word' id='word_1_147' title='bbox 630 1586 988 1646; x_wconf 84' lang='lat' dir='ltr'><strong>Herodotum</strong></span> <span class='ocrx_word' id='word_1_148' title='bbox 1036 1604 1326 1662; x_wconf 88' lang='lat' dir='ltr'><strong>nunquam</strong></span> <span class='ocrx_word' id='word_1_149' title='bbox 1368 1586 1560 1663; x_wconf 84' lang='lat' dir='ltr'><strong>ipsum</strong></span> <span class='ocrx_word' id='word_1_150' title='bbox 1601 1586 1937 1662; x_wconf 75' lang='lat' dir='ltr'>scripsisse,</span> <span class='ocrx_word' id='word_1_151' title='bbox 1994 1586 2100 1642; x_wconf 85' lang='lat' dir='ltr'><strong>sed</strong></span> <span class='ocrx_word' id='word_1_152' title='bbox 2141 1591 2502 1645; x_wconf 82' lang='lat' dir='ltr'><strong>constanter</strong></span> <span class='ocrx_word' id='word_1_153' title='bbox 2537 1590 2632 1647; x_wconf 71' lang='grc' dir='ltr'><strong>λα-</strong></span> 
     </span>
     <span class='ocr_line' id='line_1_18' title="bbox 344 1668 2630 1755; baseline -0.003 -21"><span class='ocrx_word' id='word_1_154' title='bbox 344 1674 511 1755; x_wconf 80' lang='grc' dir='ltr'><strong><em>βεῖν,</em></strong></span> <span class='ocrx_word' id='word_1_155' title='bbox 578 1673 663 1730; x_wconf 91' lang='lat' dir='ltr'><strong>sic</strong></span> <span class='ocrx_word' id='word_1_156' title='bbox 714 1672 945 1731; x_wconf 84' lang='lat' dir='ltr'><strong>omnino</strong></span> <span class='ocrx_word' id='word_1_157' title='bbox 1000 1688 1151 1746; x_wconf 80' lang='lat' dir='ltr'><strong>nego</strong></span> <span class='ocrx_word' id='word_1_158' title='bbox 1201 1669 1511 1731; x_wconf 79' lang='grc' dir='ltr'><strong><em>θεσπιέειν</em></strong></span> <span class='ocrx_word' id='word_1_159' title='bbox 1565 1671 1792 1747; x_wconf 85' lang='lat' dir='ltr'><strong>aliaque</strong></span> <span class='ocrx_word' id='word_1_160' title='bbox 1847 1670 1908 1727; x_wconf 88' lang='lat' dir='ltr'><strong>id</strong></span> <span class='ocrx_word' id='word_1_161' title='bbox 1961 1687 2142 1743; x_wconf 83' lang='lat' dir='ltr'><strong>genus</strong></span> <span class='ocrx_word' id='word_1_162' title='bbox 2191 1668 2438 1728; x_wconf 77' lang='lat' dir='ltr'><strong>Graeca</strong></span> <span class='ocrx_word' id='word_1_163' title='bbox 2483 1688 2630 1729; x_wconf 83' lang='lat' dir='ltr'><strong>esse.</strong></span> 
     </span>
     <span class='ocr_line' id='line_1_19' title="bbox 344 1754 2630 1834; baseline -0.002 -17"><span class='ocrx_word' id='word_1_164' title='bbox 344 1758 498 1817; x_wconf 80' lang='lat' dir='ltr'><strong>Nam</strong></span> <span class='ocrx_word' id='word_1_165' title='bbox 540 1764 641 1814; x_wconf 81' lang='lat' dir='ltr'><strong>&#39;aut</strong></span> <span class='ocrx_word' id='word_1_166' title='bbox 681 1758 1009 1834; x_wconf 73' lang='grc' dir='ltr'><strong><em>κομίσουσι.</em></strong></span> <span class='ocrx_word' id='word_1_167' title='bbox 1042 1756 1310 1813; x_wconf 81' lang='lat' dir='ltr'><strong>dixerunt</strong></span> <span class='ocrx_word' id='word_1_168' title='bbox 1352 1760 1452 1811; x_wconf 87' lang='lat' dir='ltr'><strong>aut</strong></span> <span class='ocrx_word' id='word_1_169' title='bbox 1491 1758 1794 1829; x_wconf 80' lang='grc' dir='ltr'><strong><em>κομιοῦσι,</em></strong></span> <span class='ocrx_word' id='word_1_170' title='bbox 1831 1768 2110 1831; x_wconf 82' lang='lat' dir='ltr'><strong>nunqnam</strong></span> <span class='ocrx_word' id='word_1_171' title='bbox 2153 1754 2492 1831; x_wconf 72' lang='grc' dir='ltr'><strong><em>κομιέυυσι</em></strong></span> <span class='ocrx_word' id='word_1_172' title='bbox 2525 1754 2630 1831; x_wconf 82' lang='lat' dir='ltr'><strong>(cf.</strong></span> 
     </span>
     <span class='ocr_line' id='line_1_20' title="bbox 343 1836 2628 1919; baseline -0.002 -17"><span class='ocrx_word' id='word_1_173' title='bbox 343 1840 497 1902; x_wconf 88' lang='lat' dir='ltr'><strong>Lob.</strong></span> <span class='ocrx_word' id='word_1_174' title='bbox 533 1838 769 1917; x_wconf 83' lang='lat' dir='ltr'><strong>Parerg.</strong></span> <span class='ocrx_word' id='word_1_175' title='bbox 821 1860 879 1919; x_wconf 84' lang='lat' dir='ltr'><strong>p.</strong></span> <span class='ocrx_word' id='word_1_176' title='bbox 924 1841 1044 1900; x_wconf 79' lang='lat'><strong>746.</strong></span> <span class='ocrx_word' id='word_1_177' title='bbox 1110 1838 1303 1898; x_wconf 84' lang='lat' dir='ltr'><strong>Herm.</strong></span> <span class='ocrx_word' id='word_1_178' title='bbox 1354 1838 1430 1895; x_wconf 86' lang='lat' dir='ltr'><strong>ad</strong></span> <span class='ocrx_word' id='word_1_179' title='bbox 1469 1838 1621 1897; x_wconf 87' lang='lat' dir='ltr'><strong>Oed.</strong></span> <span class='ocrx_word' id='word_1_180' title='bbox 1662 1836 1808 1913; x_wconf 84' lang='lat' dir='ltr'><strong>Tyr.</strong></span> <span class='ocrx_word' id='word_1_181' title='bbox 1847 1842 1974 1908; x_wconf 74' lang='lat'>537)</span> <span class='ocrx_word' id='word_1_182' title='bbox 2031 1837 2354 1898; x_wconf 78' lang='grc' dir='ltr'><strong><em>κατίσουσι</em></strong></span> <span class='ocrx_word' id='word_1_183' title='bbox 2395 1838 2628 1897; x_wconf 84' lang='lat' dir='ltr'><strong>Herod.</strong></span> 
     </span>
     <span class='ocr_line' id='line_1_21' title="bbox 344 1921 2630 2002; baseline -0.001 -18"><span class='ocrx_word' id='word_1_184' title='bbox 344 1924 441 1985; x_wconf 88' lang='lat' dir='ltr'><strong>lv.</strong></span> <span class='ocrx_word' id='word_1_185' title='bbox 484 1929 604 1985; x_wconf 89' lang='grc'><strong>190.</strong></span> <span class='ocrx_word' id='word_1_186' title='bbox 664 1929 908 1986; x_wconf 86' lang='grc' dir='ltr'><strong><em>καθιεῖν</em></strong></span> <span class='ocrx_word' id='word_1_187' title='bbox 938 1922 1207 2002; x_wconf 82' lang='lat' dir='ltr'><strong>Xenoph.</strong></span> <span class='ocrx_word' id='word_1_188' title='bbox 1246 1921 1433 1979; x_wconf 79' lang='lat' dir='ltr'><strong>Anah..</strong></span> <span class='ocrx_word' id='word_1_189' title='bbox 1473 1921 1548 1997; x_wconf 88' lang='grc' dir='ltr'><strong>ΙΙ,</strong></span> <span class='ocrx_word' id='word_1_190' title='bbox 1588 1928 1643 1999; x_wconf 84' lang='grc'><strong>1,</strong></span> <span class='ocrx_word' id='word_1_191' title='bbox 1671 1928 1726 1980; x_wconf 80' lang='lat'><strong>4.</strong></span> <span class='ocrx_word' id='word_1_192' title='bbox 1769 1922 1920 1981; x_wconf 91' lang='lat' dir='ltr'><strong>unde</strong></span> <span class='ocrx_word' id='word_1_193' title='bbox 1957 1926 2216 1998; x_wconf 82' lang='lat' dir='ltr'><strong>apparet,</strong></span> <span class='ocrx_word' id='word_1_194' title='bbox 2259 1940 2448 1998; x_wconf 85' lang='lat' dir='ltr'><strong>quum</strong></span> <span class='ocrx_word' id='word_1_195' title='bbox 2493 1924 2630 1981; x_wconf 84' lang='lat' dir='ltr'><strong>sim-</strong></span> 
     </span>
     <span class='ocr_line' id='line_1_22' title="bbox 344 2004 2634 2088; baseline -0 -22"><span class='ocrx_word' id='word_1_196' title='bbox 344 2008 479 2088; x_wconf 83' lang='lat' dir='ltr'><strong>plex</strong></span> <span class='ocrx_word' id='word_1_197' title='bbox 518 2008 755 2066; x_wconf 78' lang='lat' dir='ltr'><strong>verbum</strong></span> <span class='ocrx_word' id='word_1_198' title='bbox 796 2009 935 2079; x_wconf 72' lang='grc' dir='ltr'><strong>ἵζω,</strong></span> <span class='ocrx_word' id='word_1_199' title='bbox 977 2006 1281 2065; x_wconf 82' lang='lat' dir='ltr'><strong>Herodoto</strong></span> <span class='ocrx_word' id='word_1_200' title='bbox 1324 2006 1564 2085; x_wconf 83' lang='lat' dir='ltr'><strong>aliisque</strong></span> <span class='ocrx_word' id='word_1_201' title='bbox 1607 2006 1870 2065; x_wconf 87' lang='lat' dir='ltr'><strong>usitatius</strong></span> <span class='ocrx_word' id='word_1_202' title='bbox 1912 2024 2076 2083; x_wconf 84' lang='lat' dir='ltr'><strong>quam</strong></span> <span class='ocrx_word' id='word_1_203' title='bbox 2117 2004 2358 2080; x_wconf 81' lang='lat' dir='ltr'><strong>Atticis,</strong></span> <span class='ocrx_word' id='word_1_204' title='bbox 2385 2072 2392 2081; x_wconf 91' lang='lat'><strong>.</strong></span> <span class='ocrx_word' id='word_1_205' title='bbox 2415 2026 2454 2065; x_wconf 88' lang='lat' dir='ltr'><strong>e</strong></span> <span class='ocrx_word' id='word_1_206' title='bbox 2485 2009 2634 2065; x_wconf 86' lang='lat' dir='ltr'><strong>dua-</strong></span> 
     </span>
     <span class='ocr_line' id='line_1_23' title="bbox 346 2090 2632 2169; baseline 0 -20"><span class='ocrx_word' id='word_1_207' title='bbox 346 2093 453 2149; x_wconf 89' lang='lat' dir='ltr'><strong>bus</strong></span> <span class='ocrx_word' id='word_1_208' title='bbox 498 2097 717 2149; x_wconf 86' lang='lat' dir='ltr'><strong>tantum</strong></span> <span class='ocrx_word' id='word_1_209' title='bbox 758 2090 991 2164; x_wconf 77' lang='lat' dir='ltr'>syllabis</span> <span class='ocrx_word' id='word_1_210' title='bbox 1036 2096 1291 2164; x_wconf 85' lang='lat' dir='ltr'><strong>constet,</strong></span> <span class='ocrx_word' id='word_1_211' title='bbox 1356 2110 1544 2169; x_wconf 88' lang='lat' dir='ltr'><strong>neque</strong></span> <span class='ocrx_word' id='word_1_212' title='bbox 1593 2091 1734 2148; x_wconf 83' lang='lat' dir='ltr'><strong>alias</strong></span> <span class='ocrx_word' id='word_1_213' title='bbox 1775 2090 2136 2149; x_wconf 84' lang='lat' dir='ltr'><strong>adnumerari</strong></span> <span class='ocrx_word' id='word_1_214' title='bbox 2175 2090 2414 2147; x_wconf 84' lang='lat' dir='ltr'><strong>soleant</strong></span> <span class='ocrx_word' id='word_1_215' title='bbox 2459 2110 2632 2168; x_wconf 79' lang='lat' dir='ltr'><strong>prae-</strong></span> 
     </span>
     <span class='ocr_line' id='line_1_24' title="bbox 343 2174 2628 2252; baseline 0.002 -22"><span class='ocrx_word' id='word_1_216' title='bbox 343 2174 699 2252; x_wconf 83' lang='lat' dir='ltr'><strong>positiones,</strong></span> <span class='ocrx_word' id='word_1_217' title='bbox 752 2178 1014 2243; x_wconf 78' lang='grc' dir='ltr'><strong><em>καθιεῖν,</em></strong></span> <span class='ocrx_word' id='word_1_218' title='bbox 1071 2174 1232 2249; x_wconf 83' lang='lat' dir='ltr'><strong>quasi</strong></span> <span class='ocrx_word' id='word_1_219' title='bbox 1274 2175 1519 2251; x_wconf 83' lang='lat' dir='ltr'>simplex</span> <span class='ocrx_word' id='word_1_220' title='bbox 1559 2181 1748 2247; x_wconf 87' lang='lat' dir='ltr'><strong>esset,</strong></span> <span class='ocrx_word' id='word_1_221' title='bbox 1801 2176 1980 2233; x_wconf 77' lang='lat' dir='ltr'><strong>fuisse</strong></span> <span class='ocrx_word' id='word_1_222' title='bbox 2031 2174 2358 2232; x_wconf 82' lang='lat' dir='ltr'><strong>formatum.</strong></span> <span class='ocrx_word' id='word_1_223' title='bbox 2456 2176 2628 2234; x_wconf 81' lang='lat' dir='ltr'><strong>Prae-</strong></span> 
     </span>
     <span class='ocr_line' id='line_1_25' title="bbox 342 2256 2625 2336; baseline -0 -19"><span class='ocrx_word' id='word_1_224' title='bbox 342 2264 509 2317; x_wconf 86' lang='lat' dir='ltr'><strong>terea</strong></span> <span class='ocrx_word' id='word_1_225' title='bbox 550 2257 797 2317; x_wconf 85' lang='lat' dir='ltr'><strong>secunda</strong></span> <span class='ocrx_word' id='word_1_226' title='bbox 834 2274 1083 2334; x_wconf 82' lang='lat' dir='ltr'><strong>persona</strong></span> <span class='ocrx_word' id='word_1_227' title='bbox 1123 2256 1428 2333; x_wconf 80' lang='lat' dir='ltr'><strong>singularis</strong></span> <span class='ocrx_word' id='word_1_228' title='bbox 1465 2260 1639 2316; x_wconf 88' lang='lat' dir='ltr'><strong>futuri</strong></span> <span class='ocrx_word' id='word_1_229' title='bbox 1677 2260 1844 2317; x_wconf 87' lang='lat' dir='ltr'><strong>medii</strong></span> <span class='ocrx_word' id='word_1_230' title='bbox 1883 2260 1977 2316; x_wconf 86' lang='lat' dir='ltr'><strong>est&#39;</strong></span> <span class='ocrx_word' id='word_1_231' title='bbox 2005 2258 2050 2319; x_wconf 93' lang='grc' dir='ltr'><strong>Ι.</strong></span> <span class='ocrx_word' id='word_1_232' title='bbox 2095 2262 2168 2317; x_wconf 88' lang='grc'><strong>90</strong></span> <span class='ocrx_word' id='word_1_233' title='bbox 2203 2266 2418 2336; x_wconf 89' lang='grc' dir='ltr'><strong><em>χαριεῖ</em></strong></span> <span class='ocrx_word' id='word_1_234' title='bbox 2447 2278 2486 2317; x_wconf 86' lang='lat' dir='ltr'><strong>a</strong></span> <span class='ocrx_word' id='word_1_235' title='bbox 2527 2278 2625 2317; x_wconf 86' lang='lat' dir='ltr'><strong>co-</strong></span> 
     </span>
     <span class='ocr_line' id='line_1_26' title="bbox 344 2339 2622 2425; baseline -0.001 -22"><span class='ocrx_word' id='word_1_236' title='bbox 344 2341 566 2403; x_wconf 89' lang='lat' dir='ltr'><strong>dicibus</strong></span> <span class='ocrx_word' id='word_1_237' title='bbox 594 2344 674 2403; x_wconf 84' lang='grc' dir='ltr'><strong>Μ.</strong></span> <span class='ocrx_word' id='word_1_238' title='bbox 698 2342 767 2404; x_wconf 77' lang='lat' dir='ltr'><strong>F.</strong></span> <span class='ocrx_word' id='word_1_239' title='bbox 790 2346 946 2401; x_wconf 86' lang='lat' dir='ltr'><strong>recte</strong></span> <span class='ocrx_word' id='word_1_240' title='bbox 972 2350 1283 2416; x_wconf 80' lang='lat' dir='ltr'><strong>servatum,</strong></span> <span class='ocrx_word' id='word_1_241' title='bbox 1329 2341 1424 2400; x_wconf 90' lang='lat' dir='ltr'><strong>ubi</strong></span> <span class='ocrx_word' id='word_1_242' title='bbox 1451 2345 1604 2418; x_wconf 87' lang='lat' dir='ltr'><strong>quod</strong></span> <span class='ocrx_word' id='word_1_243' title='bbox 1643 2343 1735 2400; x_wconf 81' lang='lat' dir='ltr'><strong>alii</strong></span> <span class='ocrx_word' id='word_1_244' title='bbox 1775 2339 2150 2401; x_wconf 82' lang='lat' dir='ltr'><strong>exbibuerunt</strong></span> <span class='ocrx_word' id='word_1_245' title='bbox 2191 2346 2400 2425; x_wconf 78' lang='grc' dir='ltr'><strong><em>χαριῇ,</em></strong></span> <span class='ocrx_word' id='word_1_246' title='bbox 2449 2362 2622 2420; x_wconf 85' lang='lat' dir='ltr'><strong>quum</strong></span> 
     </span>
     <span class='ocr_line' id='line_1_27' title="bbox 344 2425 2624 2505; baseline -0.002 -17"><span class='ocrx_word' id='word_1_247' title='bbox 344 2448 496 2488; x_wconf 87' lang='lat' dir='ltr'><strong>nunc</strong></span> <span class='ocrx_word' id='word_1_248' title='bbox 534 2429 657 2489; x_wconf 84' lang='lat' dir='ltr'><strong>fere</strong></span> <span class='ocrx_word' id='word_1_249' title='bbox 700 2432 927 2485; x_wconf 86' lang='lat' dir='ltr'><strong>constet</strong></span> <span class='ocrx_word' id='word_1_250' title='bbox 963 2425 1067 2483; x_wconf 84' lang='lat' dir='ltr'><strong>bas</strong></span> <span class='ocrx_word' id='word_1_251' title='bbox 1102 2426 1349 2485; x_wconf 85' lang='lat' dir='ltr'><strong>secudas</strong></span> <span class='ocrx_word' id='word_1_252' title='bbox 1386 2429 1669 2503; x_wconf 82' lang='lat' dir='ltr'><strong>personas</strong></span> <span class='ocrx_word' id='word_1_253' title='bbox 1715 2446 1830 2485; x_wconf 86' lang='lat' dir='ltr'><strong>non</strong></span> <span class='ocrx_word' id='word_1_254' title='bbox 1863 2428 1920 2484; x_wconf 85' lang='lat' dir='ltr'><strong>in</strong></span> <span class='ocrx_word' id='word_1_255' title='bbox 1950 2428 2016 2505; x_wconf 71' lang='grc' dir='ltr'><strong>ἦ·</strong></span> <span class='ocrx_word' id='word_1_256' title='bbox 2037 2427 2144 2485; x_wconf 88' lang='lat' dir='ltr'><strong>sed</strong></span> <span class='ocrx_word' id='word_1_257' title='bbox 2185 2428 2244 2485; x_wconf 88' lang='lat' dir='ltr'><strong>in</strong></span> <span class='ocrx_word' id='word_1_258' title='bbox 2292 2427 2350 2489; x_wconf 77' lang='grc' dir='ltr'><strong>ἴι</strong></span> <span class='ocrx_word' id='word_1_259' title='bbox 2391 2444 2624 2505; x_wconf 81' lang='lat' dir='ltr'><strong>semper</strong></span> 
     </span>
     <span class='ocr_line' id='line_1_28' title="bbox 343 2511 2624 2588; baseline -0.001 -17"><span class='ocrx_word' id='word_1_260' title='bbox 343 2512 732 2572; x_wconf 84' lang='lat' dir='ltr'><strong>terminandas</strong></span> <span class='ocrx_word' id='word_1_261' title='bbox 774 2528 943 2585; x_wconf 84' lang='lat' dir='ltr'><strong>esse,</strong></span> <span class='ocrx_word' id='word_1_262' title='bbox 997 2528 1236 2588; x_wconf 82' lang='lat' dir='ltr'><strong>prorsus</strong></span> <span class='ocrx_word' id='word_1_263' title='bbox 1294 2512 1672 2569; x_wconf 81' lang='lat' dir='ltr'><strong>damnandum</strong></span> <span class='ocrx_word' id='word_1_264' title='bbox 1729 2518 1871 2581; x_wconf 62' lang='lat' dir='ltr'><strong>est3⁴</strong></span> <span class='ocrx_word' id='word_1_265' title='bbox 1913 2530 2019 2569; x_wconf 90' lang='lat' dir='ltr'><strong>nec</strong></span> <span class='ocrx_word' id='word_1_266' title='bbox 2070 2511 2256 2568; x_wconf 89' lang='lat' dir='ltr'><strong>minus</strong></span> <span class='ocrx_word' id='word_1_267' title='bbox 2319 2511 2624 2569; x_wconf 76' lang='lat' dir='ltr'><strong>ferendum</strong></span> 
     </span>
     <span class='ocr_line' id='line_1_29' title="bbox 342 2593 2626 2676; baseline 0.002 -22"><span class='ocrx_word' id='word_1_268' title='bbox 342 2596 468 2661; x_wconf 81' lang='lat' dir='ltr'><strong>vll.</strong></span> <span class='ocrx_word' id='word_1_269' title='bbox 515 2600 608 2673; x_wconf 84' lang='lat'><strong>49,</strong></span> <span class='ocrx_word' id='word_1_270' title='bbox 656 2604 684 2655; x_wconf 96' lang='lat' dir='ltr'>l</span> <span class='ocrx_word' id='word_1_271' title='bbox 734 2593 970 2676; x_wconf 81' lang='grc' dir='ltr'><strong><em>κομιέαι</em></strong></span> <span class='ocrx_word' id='word_1_272' title='bbox 1016 2594 1300 2673; x_wconf 76' lang='grc' dir='ltr'><strong><em>(κομιέεαι</em></strong></span> <span class='ocrx_word' id='word_1_273' title='bbox 1340 2594 1567 2653; x_wconf 77' lang='lat' dir='ltr'><strong>schaef.</strong></span> <span class='ocrx_word' id='word_1_274' title='bbox 1639 2597 1880 2674; x_wconf 76' lang='grc' dir='ltr'><strong><em>κομίεαι</em></strong></span> <span class='ocrx_word' id='word_1_275' title='bbox 1919 2595 2088 2653; x_wconf 87' lang='lat' dir='ltr'><strong>Stob.</strong></span> <span class='ocrx_word' id='word_1_276' title='bbox 2131 2595 2266 2652; x_wconf 87' lang='lat' dir='ltr'><strong>edd.</strong></span> <span class='ocrx_word' id='word_1_277' title='bbox 2305 2600 2378 2653; x_wconf 76' lang='lat'><strong>52</strong></span> <span class='ocrx_word' id='word_1_278' title='bbox 2423 2614 2488 2673; x_wconf 80' lang='lat' dir='ltr'><strong>p.</strong></span> <span class='ocrx_word' id='word_1_279' title='bbox 2517 2600 2626 2655; x_wconf 74' lang='lat'><strong>364</strong></span> 
     </span>
     <span class='ocr_line' id='line_1_30' title="bbox 344 2675 2624 2761; baseline 0 -22"><span class='ocrx_word' id='word_1_280' title='bbox 344 2680 608 2761; x_wconf 84' lang='lat' dir='ltr'><strong>(Gesn.).</strong></span> <span class='ocrx_word' id='word_1_281' title='bbox 676 2675 942 2761; x_wconf 79' lang='grc' dir='ltr'><strong><em>διήκωμι</em></strong></span> <span class='ocrx_word' id='word_1_282' title='bbox 984 2679 1130 2741; x_wconf 81' lang='lat' dir='ltr'><strong>Mss.</strong></span> <span class='ocrx_word' id='word_1_283' title='bbox 1205 2678 1454 2757; x_wconf 80' lang='grc' dir='ltr'><strong><em>κομίσαι</em></strong></span> <span class='ocrx_word' id='word_1_284' title='bbox 1505 2681 1569 2739; x_wconf 93' lang='lat' dir='ltr'><strong>S.</strong></span> <span class='ocrx_word' id='word_1_285' title='bbox 1613 2680 1690 2739; x_wconf 87' lang='lat' dir='ltr'><strong>V.</strong></span> <span class='ocrx_word' id='word_1_286' title='bbox 1769 2680 2069 2758; x_wconf 70' lang='grc' dir='ltr'><strong><em>κομίζεται</em></strong></span> <span class='ocrx_word' id='word_1_287' title='bbox 2106 2679 2174 2735; x_wconf 87' lang='lat' dir='ltr'><strong>F.</strong></span> <span class='ocrx_word' id='word_1_288' title='bbox 2221 2678 2278 2741; x_wconf 83' lang='lat' dir='ltr'><strong>b.</strong></span> <span class='ocrx_word' id='word_1_289' title='bbox 2345 2680 2624 2757; x_wconf 71' lang='grc' dir='ltr'><strong><em>κομίζεαι</em></strong></span> 
     </span>
     <span class='ocr_line' id='line_1_31' title="bbox 342 2762 2622 2842; baseline -0.001 -19"><span class='ocrx_word' id='word_1_290' title='bbox 342 2764 479 2823; x_wconf 78' lang='lat' dir='ltr'><strong>Ald.</strong></span> <span class='ocrx_word' id='word_1_291' title='bbox 515 2765 627 2841; x_wconf 81' lang='lat' dir='ltr'><strong>al.)</strong></span> <span class='ocrx_word' id='word_1_292' title='bbox 680 2767 783 2822; x_wconf 74' lang='lat' dir='ltr'><strong>sed</strong></span> <span class='ocrx_word' id='word_1_293' title='bbox 832 2770 1039 2842; x_wconf 84' lang='grc' dir='ltr'><strong><em>κομιεῖ</em></strong></span> <span class='ocrx_word' id='word_1_294' title='bbox 1083 2762 1208 2821; x_wconf 86' lang='lat' dir='ltr'><strong>sola</strong></span> <span class='ocrx_word' id='word_1_295' title='bbox 1250 2782 1385 2822; x_wconf 83' lang='lat' dir='ltr'><strong>vera</strong></span> <span class='ocrx_word' id='word_1_296' title='bbox 1431 2771 1520 2821; x_wconf 85' lang='lat' dir='ltr'><strong>est</strong></span> <span class='ocrx_word' id='word_1_297' title='bbox 1575 2766 1796 2840; x_wconf 84' lang='lat' dir='ltr'><strong>forma,</strong></span> <span class='ocrx_word' id='word_1_298' title='bbox 1859 2784 1927 2823; x_wconf 85' lang='lat' dir='ltr'><strong>ac</strong></span> <span class='ocrx_word' id='word_1_299' title='bbox 1971 2766 2096 2822; x_wconf 88' lang='lat' dir='ltr'><strong>sine</strong></span> <span class='ocrx_word' id='word_1_300' title='bbox 2141 2764 2518 2822; x_wconf 71' lang='lat' dir='ltr'><strong>cunctatione</strong></span> <span class='ocrx_word' id='word_1_301' title='bbox 2555 2766 2622 2836; x_wconf 44' lang='lat' dir='ltr'><strong>‚in</strong></span> 
     </span>
     <span class='ocr_line' id='line_1_32' title="bbox 343 2847 2624 2924; baseline -0.001 -17"><span class='ocrx_word' id='word_1_302' title='bbox 343 2847 601 2907; x_wconf 80' lang='lat' dir='ltr'><strong>ordinem</strong></span> <span class='ocrx_word' id='word_1_303' title='bbox 662 2848 1011 2924; x_wconf 83' lang='lat' dir='ltr'><strong>recipienda.</strong></span> <span class='ocrx_word' id='word_1_304' title='bbox 1096 2848 1283 2917; x_wconf 84' lang='lat' dir='ltr'><strong>Quum</strong></span> <span class='ocrx_word' id='word_1_305' title='bbox 1340 2849 1490 2907; x_wconf 86' lang='lat' dir='ltr'><strong>enim</strong></span> <span class='ocrx_word' id='word_1_306' title='bbox 1543 2848 1782 2907; x_wconf 78' lang='lat' dir='ltr'><strong>nullam·</strong></span> <span class='ocrx_word' id='word_1_307' title='bbox 1813 2849 1900 2906; x_wconf 78' lang='lat' dir='ltr'><strong>his</strong></span> <span class='ocrx_word' id='word_1_308' title='bbox 1955 2849 2013 2905; x_wconf 90' lang='lat' dir='ltr'><strong>in</strong></span> <span class='ocrx_word' id='word_1_309' title='bbox 2070 2847 2274 2907; x_wconf 79' lang='lat' dir='ltr'><strong>suturis</strong></span> <span class='ocrx_word' id='word_1_310' title='bbox 2338 2848 2624 2906; x_wconf 79' lang='lat' dir='ltr'><strong>vocalium</strong></span> 
     </span>
     <span class='ocr_line' id='line_1_33' title="bbox 342 2930 2624 3011; baseline 0.003 -24"><span class='ocrx_word' id='word_1_311' title='bbox 342 2931 629 2987; x_wconf 75' lang='lat' dir='ltr'><strong>diaeresin</strong></span> <span class='ocrx_word' id='word_1_312' title='bbox 692 2930 1006 2988; x_wconf 84' lang='lat' dir='ltr'><strong>obtinuisse</strong></span> <span class='ocrx_word' id='word_1_313' title='bbox 1069 2940 1287 2989; x_wconf 86' lang='lat' dir='ltr'><strong>certum</strong></span> <span class='ocrx_word' id='word_1_314' title='bbox 1350 2935 1426 2991; x_wconf 86' lang='lat' dir='ltr'><strong>sit</strong></span> <span class='ocrx_word' id='word_1_315' title='bbox 1447 2972 1467 3008; x_wconf 92' lang='lat'><strong>,</strong></span> <span class='ocrx_word' id='word_1_316' title='bbox 1547 2939 1606 2990; x_wconf 90' lang='lat' dir='ltr'><strong>et</strong></span> <span class='ocrx_word' id='word_1_317' title='bbox 1671 2936 1996 3011; x_wconf 75' lang='grc' dir='ltr'><strong><em>χαριοῦμαι</em></strong></span> <span class='ocrx_word' id='word_1_318' title='bbox 2057 2938 2258 3011; x_wconf 84' lang='grc' dir='ltr'><strong><em>χαριεῖ</em></strong></span> <span class='ocrx_word' id='word_1_319' title='bbox 2319 2939 2624 3010; x_wconf 81' lang='grc' dir='ltr'><strong><em>χαριεῖται</em></strong></span> 
     </span>
     <span class='ocr_line' id='line_1_34' title="bbox 344 3012 2622 3094; baseline 0.002 -23"><span class='ocrx_word' id='word_1_320' title='bbox 344 3012 590 3071; x_wconf 87' lang='lat' dir='ltr'><strong>omnium</strong></span> <span class='ocrx_word' id='word_1_321' title='bbox 630 3030 913 3069; x_wconf 84' lang='lat' dir='ltr'><strong>consensu</strong></span> <span class='ocrx_word' id='word_1_322' title='bbox 952 3014 1077 3070; x_wconf 84' lang='lat' dir='ltr'><strong>sola</strong></span> <span class='ocrx_word' id='word_1_323' title='bbox 1117 3014 1454 3074; x_wconf 85' lang='lat' dir='ltr'><strong>Herodotea</strong></span> <span class='ocrx_word' id='word_1_324' title='bbox 1497 3017 1734 3094; x_wconf 80' lang='lat' dir='ltr'><strong>solaque</strong></span> <span class='ocrx_word' id='word_1_325' title='bbox 1777 3018 2004 3075; x_wconf 83' lang='lat' dir='ltr'><strong>Graeca</strong></span> <span class='ocrx_word' id='word_1_326' title='bbox 2060 3034 2192 3075; x_wconf 86' lang='lat' dir='ltr'><strong>esse</strong></span> <span class='ocrx_word' id='word_1_327' title='bbox 2233 3017 2412 3073; x_wconf 88' lang='lat' dir='ltr'><strong>modo</strong></span> <span class='ocrx_word' id='word_1_328' title='bbox 2457 3018 2622 3075; x_wconf 83' lang='lat' dir='ltr'><strong>vide·</strong></span> 
     </span>
     <span class='ocr_line' id='line_1_35' title="bbox 341 3094 2618 3177; baseline 0.001 -22"><span class='ocrx_word' id='word_1_329' title='bbox 341 3097 551 3171; x_wconf 82' lang='lat' dir='ltr'><strong>rimus,</strong></span> <span class='ocrx_word' id='word_1_330' title='bbox 592 3094 730 3154; x_wconf 87' lang='lat' dir='ltr'><strong>nihil</strong></span> <span class='ocrx_word' id='word_1_331' title='bbox 770 3098 1024 3173; x_wconf 73' lang='lat' dir='ltr'><strong>apertius</strong></span> <span class='ocrx_word' id='word_1_332' title='bbox 1073 3097 1322 3173; x_wconf 80' lang='lat' dir='ltr'><strong>nihilque</strong></span> <span class='ocrx_word' id='word_1_333' title='bbox 1363 3099 1664 3177; x_wconf 74' lang='lat' dir='ltr'><strong>analogiae</strong></span> <span class='ocrx_word' id='word_1_334' title='bbox 1707 3100 2140 3160; x_wconf 85' lang='lat' dir='ltr'><strong>convenientius</strong></span> <span class='ocrx_word' id='word_1_335' title='bbox 2181 3118 2310 3157; x_wconf 86' lang='lat' dir='ltr'><strong>esse</strong></span> <span class='ocrx_word' id='word_1_336' title='bbox 2359 3101 2618 3176; x_wconf 80' lang='lat' dir='ltr'><strong>videtur,</strong></span> 
     </span>
     <span class='ocr_line' id='line_1_36' title="bbox 342 3180 2620 3264; baseline 0.001 -23"><span class='ocrx_word' id='word_1_337' title='bbox 342 3201 511 3263; x_wconf 83' lang='lat' dir='ltr'><strong>quam</strong></span> <span class='ocrx_word' id='word_1_338' title='bbox 560 3182 763 3241; x_wconf 86' lang='lat' dir='ltr'><strong>eodem</strong></span> <span class='ocrx_word' id='word_1_339' title='bbox 804 3182 979 3241; x_wconf 89' lang='lat' dir='ltr'><strong>modo</strong></span> <span class='ocrx_word' id='word_1_340' title='bbox 1028 3180 1357 3261; x_wconf 81' lang='grc' dir='ltr'><strong><em>κομιοῦμαι</em></strong></span> <span class='ocrx_word' id='word_1_341' title='bbox 1400 3193 1609 3263; x_wconf 84' lang='grc' dir='ltr'><strong><em>κομιεῖ</em></strong></span> <span class='ocrx_word' id='word_1_342' title='bbox 1646 3194 1937 3264; x_wconf 86' lang='grc' dir='ltr'><strong><em>κομιεῖται</em></strong></span> <span class='ocrx_word' id='word_1_343' title='bbox 1981 3192 2043 3245; x_wconf 90' lang='lat' dir='ltr'><strong>ut</strong></span> <span class='ocrx_word' id='word_1_344' title='bbox 2083 3186 2154 3244; x_wconf 91' lang='lat' dir='ltr'><strong>ab</strong></span> <span class='ocrx_word' id='word_1_345' title='bbox 2200 3183 2327 3241; x_wconf 87' lang='lat' dir='ltr'><strong>aliis</strong></span> <span class='ocrx_word' id='word_1_346' title='bbox 2375 3183 2620 3245; x_wconf 81' lang='lat' dir='ltr'><strong>Graecis</strong></span> 
     </span>
     <span class='ocr_line' id='line_1_37' title="bbox 340 3266 2618 3345; baseline -0 -17"><span class='ocrx_word' id='word_1_347' title='bbox 340 3270 429 3329; x_wconf 85' lang='lat' dir='ltr'><strong>sic</strong></span> <span class='ocrx_word' id='word_1_348' title='bbox 482 3273 541 3327; x_wconf 92' lang='lat' dir='ltr'><strong>et</strong></span> <span class='ocrx_word' id='word_1_349' title='bbox 596 3266 667 3326; x_wconf 87' lang='lat' dir='ltr'><strong>ab</strong></span> <span class='ocrx_word' id='word_1_350' title='bbox 710 3267 1013 3326; x_wconf 84' lang='lat' dir='ltr'><strong>Herodoto</strong></span> <span class='ocrx_word' id='word_1_351' title='bbox 1074 3286 1207 3327; x_wconf 91' lang='lat' dir='ltr'><strong>esse</strong></span> <span class='ocrx_word' id='word_1_352' title='bbox 1261 3268 1523 3332; x_wconf 86' lang='lat' dir='ltr'><strong>formata.</strong></span> <span class='ocrx_word' id='word_1_353' title='bbox 1612 3273 1731 3329; x_wconf 86' lang='lat' dir='ltr'><strong>Sed</strong></span> <span class='ocrx_word' id='word_1_354' title='bbox 1780 3272 1993 3329; x_wconf 86' lang='lat' dir='ltr'><strong>librarii</strong></span> <span class='ocrx_word' id='word_1_355' title='bbox 2040 3270 2290 3328; x_wconf 80' lang='lat' dir='ltr'><strong>lonicum</strong></span> <span class='ocrx_word' id='word_1_356' title='bbox 2339 3271 2618 3345; x_wconf 78' lang='lat' dir='ltr'><strong>quiddam</strong></span> 
     </span>
     <span class='ocr_line' id='line_1_38' title="bbox 340 3352 2618 3434; baseline 0 -22"><span class='ocrx_word' id='word_1_357' title='bbox 340 3353 553 3412; x_wconf 69' lang='lat' dir='ltr'><strong>inferre</strong></span> <span class='ocrx_word' id='word_1_358' title='bbox 592 3359 882 3412; x_wconf 81' lang='lat' dir='ltr'><strong>tentantes</strong></span> <span class='ocrx_word' id='word_1_359' title='bbox 947 3356 1007 3411; x_wconf 85' lang='lat' dir='ltr'><strong>et</strong></span> <span class='ocrx_word' id='word_1_360' title='bbox 1064 3356 1349 3431; x_wconf 70' lang='lat' dir='ltr'><strong>epicurum</strong></span> <span class='ocrx_word' id='word_1_361' title='bbox 1392 3352 1702 3413; x_wconf 77' lang='lat' dir='ltr'><strong>formarum</strong></span> <span class='ocrx_word' id='word_1_362' title='bbox 1745 3362 2035 3434; x_wconf 80' lang='grc' dir='ltr'><strong><em>μυθεῖαι,</em></strong></span> <span class='ocrx_word' id='word_1_363' title='bbox 2079 3361 2242 3417; x_wconf 84' lang='grc' dir='ltr'><strong><em>νεῖαι</em></strong></span> <span class='ocrx_word' id='word_1_364' title='bbox 2283 3360 2343 3411; x_wconf 86' lang='lat' dir='ltr'><strong>et</strong></span> <span class='ocrx_word' id='word_1_365' title='bbox 2389 3354 2618 3413; x_wconf 85' lang='lat' dir='ltr'><strong>Ionica-</strong></span> 
     </span>
     <span class='ocr_line' id='line_1_39' title="bbox 338 3436 2616 3517; baseline 0.001 -23"><span class='ocrx_word' id='word_1_366' title='bbox 338 3454 464 3494; x_wconf 79' lang='lat' dir='ltr'><strong>rum</strong></span> <span class='ocrx_word' id='word_1_367' title='bbox 510 3436 701 3504; x_wconf 76' lang='grc' dir='ltr'><strong><em>δέεαι,</em></strong></span> <span class='ocrx_word' id='word_1_368' title='bbox 756 3436 1163 3517; x_wconf 79' lang='grc' dir='ltr'><strong><em>προθυμὲεαι.</em></strong></span> <span class='ocrx_word' id='word_1_369' title='bbox 1222 3439 1331 3495; x_wconf 82' lang='lat' dir='ltr'><strong>buc</strong></span> <span class='ocrx_word' id='word_1_370' title='bbox 1388 3440 1614 3498; x_wconf 87' lang='lat' dir='ltr'><strong>minime</strong></span> <span class='ocrx_word' id='word_1_371' title='bbox 1660 3441 2097 3515; x_wconf 68' lang='lat' dir='ltr'><strong>trahendorum,</strong></span> <span class='ocrx_word' id='word_1_372' title='bbox 2153 3456 2479 3513; x_wconf 77' lang='lat' dir='ltr'><strong>memores,</strong></span> <span class='ocrx_word' id='word_1_373' title='bbox 2539 3438 2616 3497; x_wconf 76' lang='lat' dir='ltr'><strong>ad</strong></span> 
     </span>
     <span class='ocr_line' id='line_1_40' title="bbox 338 3516 2618 3599; baseline 0.002 -25"><span class='ocrx_word' id='word_1_374' title='bbox 338 3516 553 3575; x_wconf 82' lang='lat' dir='ltr'><strong>formas</strong></span> <span class='ocrx_word' id='word_1_375' title='bbox 580 3520 805 3579; x_wconf 86' lang='lat' dir='ltr'><strong>minime</strong></span> <span class='ocrx_word' id='word_1_376' title='bbox 832 3523 1089 3580; x_wconf 86' lang='lat' dir='ltr'><strong>Graecas</strong></span> <span class='ocrx_word' id='word_1_377' title='bbox 1127 3521 1487 3598; x_wconf 84' lang='lat' dir='ltr'><strong>aberrarunt,</strong></span> <span class='ocrx_word' id='word_1_378' title='bbox 1528 3524 1732 3599; x_wconf 87' lang='lat' dir='ltr'><strong>quibus</strong></span> <span class='ocrx_word' id='word_1_379' title='bbox 1765 3530 1830 3583; x_wconf 89' lang='lat' dir='ltr'><strong>ut</strong></span> <span class='ocrx_word' id='word_1_380' title='bbox 1855 3544 1955 3583; x_wconf 83' lang='lat' dir='ltr'><strong>eas</strong></span> <span class='ocrx_word' id='word_1_381' title='bbox 1991 3524 2278 3583; x_wconf 81' lang='lat' dir='ltr'><strong>evitarent</strong></span> <span class='ocrx_word' id='word_1_382' title='bbox 2317 3523 2418 3581; x_wconf 89' lang='lat' dir='ltr'><strong>alii</strong></span> <span class='ocrx_word' id='word_1_383' title='bbox 2437 3522 2618 3587; x_wconf 79' lang='lat' dir='ltr'><strong>,aliud</strong></span> 
     </span>
     <span class='ocr_line' id='line_1_41' title="bbox 338 3599 2620 3690; baseline 0.005 -31"><span class='ocrx_word' id='word_1_384' title='bbox 338 3599 775 3678; x_wconf 83' lang='lat' dir='ltr'><strong>substituerunt,</strong></span> <span class='ocrx_word' id='word_1_385' title='bbox 814 3623 998 3681; x_wconf 88' lang='lat' dir='ltr'><strong>aeque</strong></span> <span class='ocrx_word' id='word_1_386' title='bbox 1024 3606 1405 3666; x_wconf 85' lang='lat' dir='ltr'><strong>damnandum</strong></span> <span class='ocrx_word' id='word_1_387' title='bbox 1439 3613 1615 3684; x_wconf 81' lang='lat' dir='ltr'><strong>atque</strong></span> <span class='ocrx_word' id='word_1_388' title='bbox 1647 3607 1793 3671; x_wconf 84' lang='lat' dir='ltr'><strong>illae.</strong></span> <span class='ocrx_word' id='word_1_389' title='bbox 1879 3614 2082 3690; x_wconf 84' lang='grc' dir='ltr'><strong><em>κομιεῖ</em></strong></span> <span class='ocrx_word' id='word_1_390' title='bbox 2097 3606 2276 3685; x_wconf 53' lang='lat' dir='ltr'><strong>flgitur</strong></span> <span class='ocrx_word' id='word_1_391' title='bbox 2302 3606 2492 3666; x_wconf 73' lang='lat' dir='ltr'><strong>solum</strong></span> <span class='ocrx_word' id='word_1_392' title='bbox 2518 3626 2620 3665; x_wconf 77' lang='lat' dir='ltr'><strong>ve·</strong></span> 
     </span>
     <span class='ocr_line' id='line_1_42' title="bbox 338 3685 1781 3765; baseline 0.003 -22"><span class='ocrx_word' id='word_1_393' title='bbox 338 3704 464 3744; x_wconf 88' lang='lat' dir='ltr'><strong>rum</strong></span> <span class='ocrx_word' id='word_1_394' title='bbox 503 3685 798 3765; x_wconf 83' lang='lat' dir='ltr'><strong>solumque</strong></span> <span class='ocrx_word' id='word_1_395' title='bbox 838 3695 930 3746; x_wconf 87' lang='lat' dir='ltr'><strong>est</strong></span> <span class='ocrx_word' id='word_1_396' title='bbox 972 3691 1398 3750; x_wconf 86' lang='lat' dir='ltr'><strong>restituendum.</strong></span> <span class='ocrx_word' id='word_1_397' title='bbox 1775 3727 1781 3733; x_wconf 93' lang='lat'><strong>-</strong></span> 
     </span>
    </p>

    <p class='ocr_par' dir='ltr' id='par_1_4' title="bbox 330 3770 2615 4281">
     <span class='ocr_line' id='line_1_43' title="bbox 506 3770 2615 3850; baseline 0.002 -21"><span class='ocrx_word' id='word_1_398' title='bbox 506 3770 822 3830; x_wconf 83' lang='lat' dir='ltr'><strong>Verborum</strong></span> <span class='ocrx_word' id='word_1_399' title='bbox 857 3790 1129 3850; x_wconf 88' lang='lat' dir='ltr'><strong>purorum</strong></span> <span class='ocrx_word' id='word_1_400' title='bbox 1164 3778 1219 3833; x_wconf 89' lang='lat' dir='ltr'><strong>in</strong></span> <span class='ocrx_word' id='word_1_401' title='bbox 1266 3775 1363 3839; x_wconf 72' lang='grc' dir='ltr'><strong>ὀῖᾶῐ</strong></span> <span class='ocrx_word' id='word_1_402' title='bbox 1400 3777 1719 3850; x_wconf 73' lang='lat' dir='ltr'><strong>exeuntium</strong></span> <span class='ocrx_word' id='word_1_403' title='bbox 1763 3774 2184 3835; x_wconf 79' lang='lat' dir='ltr'><strong>contractiones</strong></span> <span class='ocrx_word' id='word_1_404' title='bbox 2221 3777 2288 3833; x_wconf 75' lang='lat' dir='ltr'><strong>‘in</strong></span> <span class='ocrx_word' id='word_1_405' title='bbox 2328 3775 2372 3835; x_wconf 71' lang='grc' dir='ltr'><strong><em>ἆ</em></strong></span> <span class='ocrx_word' id='word_1_406' title='bbox 2413 3794 2615 3833; x_wconf 88' lang='lat' dir='ltr'><strong>omnes</strong></span> 
     </span>
     <span class='ocr_line' id='line_1_44' title="bbox 337 3851 2614 3937; baseline 0.001 -21"><span class='ocrx_word' id='word_1_407' title='bbox 337 3856 491 3935; x_wconf 83' lang='lat' dir='ltr'><strong>apud</strong></span> <span class='ocrx_word' id='word_1_408' title='bbox 532 3856 891 3918; x_wconf 84' lang='lat' dir='ltr'><strong>Herodotum</strong></span> <span class='ocrx_word' id='word_1_409' title='bbox 932 3866 1261 3919; x_wconf 77' lang='lat' dir='ltr'><strong>constanter</strong></span> <span class='ocrx_word' id='word_1_410' title='bbox 1302 3862 1440 3920; x_wconf 88' lang='lat' dir='ltr'><strong>sunt</strong></span> <span class='ocrx_word' id='word_1_411' title='bbox 1484 3863 1835 3936; x_wconf 85' lang='lat' dir='ltr'><strong>servandae,</strong></span> <span class='ocrx_word' id='word_1_412' title='bbox 1896 3878 2082 3937; x_wconf 87' lang='lat' dir='ltr'><strong>neque</strong></span> <span class='ocrx_word' id='word_1_413' title='bbox 2139 3860 2252 3917; x_wconf 84' lang='lat' dir='ltr'><strong>ulla</strong></span> <span class='ocrx_word' id='word_1_414' title='bbox 2293 3851 2614 3918; x_wconf 72' lang='lat' dir='ltr'><strong>contractio</strong></span> 
     </span>
     <span class='ocr_line' id='line_1_45' title="bbox 336 3938 2610 4022; baseline 0.002 -27"><span class='ocrx_word' id='word_1_415' title='bbox 336 3942 396 3996; x_wconf 91' lang='lat' dir='ltr'><strong>in</strong></span> <span class='ocrx_word' id='word_1_416' title='bbox 438 3941 485 4017; x_wconf 79' lang='grc' dir='ltr'><strong><em>ἦ</em></strong></span> <span class='ocrx_word' id='word_1_417' title='bbox 524 3943 878 3999; x_wconf 87' lang='lat' dir='ltr'><strong>admittenda</strong></span> <span class='ocrx_word' id='word_1_418' title='bbox 929 3950 1028 4001; x_wconf 87' lang='lat' dir='ltr'><strong>aut</strong></span> <span class='ocrx_word' id='word_1_419' title='bbox 1082 3946 1353 4003; x_wconf 86' lang='lat' dir='ltr'><strong>diaeresis</strong></span> <span class='ocrx_word' id='word_1_420' title='bbox 1409 3945 1465 3999; x_wconf 87' lang='lat' dir='ltr'><strong>in</strong></span> <span class='ocrx_word' id='word_1_421' title='bbox 1513 3948 1604 4016; x_wconf 73' lang='grc' dir='ltr'><strong><em>ε“ε,</em></strong></span> <span class='ocrx_word' id='word_1_422' title='bbox 1646 3945 1868 4003; x_wconf 89' lang='lat' dir='ltr'><strong>Dorum</strong></span> <span class='ocrx_word' id='word_1_423' title='bbox 1912 3946 2011 4022; x_wconf 86' lang='lat' dir='ltr'><strong>(cf.</strong></span> <span class='ocrx_word' id='word_1_424' title='bbox 2041 3938 2227 4020; x_wconf 82' lang='lat' dir='ltr'><strong>Greg.</strong></span> <span class='ocrx_word' id='word_1_425' title='bbox 2271 3945 2413 4004; x_wconf 89' lang='lat' dir='ltr'><strong>Cor.</strong></span> <span class='ocrx_word' id='word_1_426' title='bbox 2449 3944 2518 4003; x_wconf 83' lang='lat' dir='ltr'><strong>d.</strong></span> <span class='ocrx_word' id='word_1_427' title='bbox 2553 3944 2610 4001; x_wconf 78' lang='lat' dir='ltr'><strong>d.</strong></span> 
     </span>
     <span class='ocr_line' id='line_1_46' title="bbox 335 4018 2610 4108; baseline -0 -22"><span class='ocrx_word' id='word_1_428' title='bbox 335 4018 489 4077; x_wconf 79' lang='lat' dir='ltr'><strong>Dor·</strong></span> <span class='ocrx_word' id='word_1_429' title='bbox 530 4042 587 4098; x_wconf 86' lang='lat' dir='ltr'><strong>p.</strong></span> <span class='ocrx_word' id='word_1_430' title='bbox 626 4028 751 4083; x_wconf 82' lang='lat'><strong>265.</strong></span> <span class='ocrx_word' id='word_1_431' title='bbox 806 4026 990 4083; x_wconf 67' lang='grc' dir='ltr'><strong><em>Μαίη.</em></strong></span> <span class='ocrx_word' id='word_1_432' title='bbox 1037 4026 1286 4103; x_wconf 70' lang='lat' dir='ltr'><strong>(Stura.)</strong></span> <span class='ocrx_word' id='word_1_433' title='bbox 1328 4048 1388 4103; x_wconf 85' lang='lat' dir='ltr'><strong>p.</strong></span> <span class='ocrx_word' id='word_1_434' title='bbox 1436 4028 1564 4099; x_wconf 86' lang='grc'><strong>158)</strong></span> <span class='ocrx_word' id='word_1_435' title='bbox 1618 4034 1680 4086; x_wconf 86' lang='lat' dir='ltr'><strong>et</strong></span> <span class='ocrx_word' id='word_1_436' title='bbox 1715 4046 1938 4087; x_wconf 71' lang='lat' dir='ltr'><strong>eorum</strong></span> <span class='ocrx_word' id='word_1_437' title='bbox 1979 4028 2308 4089; x_wconf 85' lang='lat' dir='ltr'><strong>lonicorum</strong></span> <span class='ocrx_word' id='word_1_438' title='bbox 2361 4030 2610 4108; x_wconf 78' lang='lat' dir='ltr'><strong>scripto-</strong></span> 
     </span>
     <span class='ocr_line' id='line_1_47' title="bbox 336 4106 2613 4191; baseline 0.005 -36"><span class='ocrx_word' id='word_1_439' title='bbox 336 4118 459 4156; x_wconf 86' lang='lat' dir='ltr'><strong>rum</strong></span> <span class='ocrx_word' id='word_1_440' title='bbox 486 4141 505 4174; x_wconf 91' lang='lat'><strong>,</strong></span> <span class='ocrx_word' id='word_1_441' title='bbox 582 4106 679 4177; x_wconf 88' lang='lat' dir='ltr'><strong>qui</strong></span> <span class='ocrx_word' id='word_1_442' title='bbox 738 4108 965 4165; x_wconf 80' lang='lat' dir='ltr'><strong>diversa</strong></span> <span class='ocrx_word' id='word_1_443' title='bbox 1038 4108 1363 4183; x_wconf 85' lang='lat' dir='ltr'><strong>promiscue</strong></span> <span class='ocrx_word' id='word_1_444' title='bbox 1431 4112 1780 4187; x_wconf 81' lang='lat' dir='ltr'><strong>usurpabant</strong></span> <span class='ocrx_word' id='word_1_445' title='bbox 1811 4152 1831 4186; x_wconf 91' lang='lat'><strong>,</strong></span> <span class='ocrx_word' id='word_1_446' title='bbox 1893 4114 2189 4191; x_wconf 79' lang='lat' dir='ltr'><strong>propriae.</strong></span> <span class='ocrx_word' id='word_1_447' title='bbox 2299 4110 2402 4171; x_wconf 86' lang='lat' dir='ltr'><strong>Sic</strong></span> <span class='ocrx_word' id='word_1_448' title='bbox 2473 4112 2613 4171; x_wconf 82' lang='lat' dir='ltr'><strong>dixit</strong></span> 
     </span>
     <span class='ocr_line' id='line_1_48' title="bbox 330 4183 2612 4281; baseline 0.007 -46"><span class='ocrx_word' id='word_1_449' title='bbox 330 4186 533 4237; x_wconf 81' lang='lat' dir='ltr'><strong>noster</strong></span> <span class='ocrx_word' id='word_1_450' title='bbox 574 4183 843 4262; x_wconf 75' lang='grc' dir='ltr'><strong><em>ἐκπηδᾶν</em></strong></span> <span class='ocrx_word' id='word_1_451' title='bbox 884 4189 929 4250; x_wconf 95' lang='lat' dir='ltr'><strong>I.</strong></span> <span class='ocrx_word' id='word_1_452' title='bbox 967 4194 1058 4247; x_wconf 77' lang='lat'><strong>24.</strong></span> <span class='ocrx_word' id='word_1_453' title='bbox 1152 4185 1469 4268; x_wconf 78' lang='grc' dir='ltr'><strong><em>προσδόκα</em></strong></span> <span class='ocrx_word' id='word_1_454' title='bbox 1504 4192 1550 4250; x_wconf 90' lang='grc' dir='ltr'><strong>Ι.</strong></span> <span class='ocrx_word' id='word_1_455' title='bbox 1585 4199 1676 4251; x_wconf 71' lang='lat'><strong>42.</strong></span> <span class='ocrx_word' id='word_1_456' title='bbox 1717 4195 1840 4253; x_wconf 88' lang='lat' dir='ltr'><strong>VII.</strong></span> <span class='ocrx_word' id='word_1_457' title='bbox 1869 4202 1976 4255; x_wconf 76' lang='lat'><strong>235</strong></span> <span class='ocrx_word' id='word_1_458' title='bbox 2005 4194 2184 4274; x_wconf 64' lang='lat' dir='ltr'><strong>(nm).</strong></span> <span class='ocrx_word' id='word_1_459' title='bbox 2275 4200 2474 4281; x_wconf 72' lang='grc' dir='ltr'><strong><em>φοιτᾷ</em></strong></span> <span class='ocrx_word' id='word_1_460' title='bbox 2516 4195 2612 4254; x_wconf 87' lang='lat'><strong>111.</strong></span> 
     </span>
    </p>
   </div>
  </div>
 </body>
</html>
