2784 4567
385 119 512 186 122
1011 121 1104 184 De
1141 121 1392 184 dialecto
1434 121 1775 182 Herodotea
1816 120 1915 182 lib.
1959 120 2031 180 11.

383 290 996 439 ῗέἓ”ἑιμὲ’ἑξιῗ’ί.ι..ἶ’
999 285 1673 482 ,ἵηέἓῖῖξῗέἐΐῗὲἔοζ
1712 379 1773 434 et
1802 289 2053 454 ...2¹33
2068 291 2459 452 ,Ἓῗιᾞωῖ
2496 293 2673 454 ,ἵΐέἒ-

312 485 322 494 ·
383 465 490 523 mis
529 463 586 520 in
627 461 769 520 locis
819 479 1018 520 omnes
1072 455 1322 539 σμικρός
1361 460 1697 537 praebuisse
1734 457 2077 534 viderimus,
2138 465 2197 516 et
2238 460 2673 519 dissensionem

383 548 690 628 praecipue
717 546 793 603 ibi
827 545 1136 620 exstitisse,
1171 545 1266 602 ubi
1309 544 1645 603 vocabulum
1686 542 2089 621 praecedens
2074 561 2131 598 ιιι
2153 543 2201 603 ’3
2228 544 2479 620 desinit,
2526 548 2671 603 unde

385 632 684 692 Matthiaei
723 630 1008 688 sententia
1049 627 1152 707 (ad
1199 630 1420 692 Herod.
1466 629 1510 686 I.
1554 627 1615 704 5)
1660 627 1891 686 fluxisse
1932 627 2228 725 videatur,
2291 629 2667 686 Herodotum

385 716 690 776 statuentis
731 733 957 792 semper
995 709 1246 794 σμικρός
1286 731 1627 791 usurpasse,
1670 712 1779 768 nisi
1820 717 1958 788 post
1994 711 2169 768 verba
2210 712 2273 768 in
2310 730 2353 772 σ
2396 714 2669 772 desinen-

383 803 497 875 tia,
545 809 816 878 tanquam
853 815 1049 857 ansam
1091 803 1232 898 puto
1271 797 1443 855 nobis
1486 799 1675 854 «iatam
1721 815 1849 854 esse
1890 796 1967 852 ad
2010 798 2487 871 cognoscendam
2522 797 2667 855 illius

383 905 598 966 pravae
625 886 942 964 scripturae
969 883 1265 961 originem.
1325 899 1360 942 σ
1389 882 1561 940 finale
1584 881 1734 940 enim
1764 899 1891 936 cum
1916 897 2059 936 voce
2088 887 2404 957 sequente,
2438 883 2665 960 quando

383 971 526 1030 haec
567 971 848 1049 inciperet
887 985 924 1026 a
965 989 1029 1043 τ,
1073 987 1121 1028 π
1162 972 1260 1025 aut
1304 984 1368 1040 σ,
1411 967 1749 1043 saepissime
1792 965 2063 1040 conjungi
2104 965 2338 1022 solitum
2390 987 2566 1042 esse,
2604 987 2663 1025 ac

385 1057 596 1115 multos
631 1071 858 1114 errores
891 1069 963 1110 ea
1003 1071 1073 1111 ex
1115 1050 1519 1128 conjunctione
1568 1057 1756 1110 ortum
1810 1047 2023 1105 habere
2043 1087 2063 1122 ,
2106 1049 2221 1124 jam
2262 1069 2455 1126 supra
2494 1073 2555 1128 p.
2598 1057 2661 1110 60

385 1141 646 1200 vidimus.
735 1138 902 1204 Quae
947 1143 1006 1195 et
1049 1135 1138 1194 hic
1185 1135 1611 1214 depravationis
1664 1150 1837 1192 causa
1888 1132 2069 1188 fuisse
2120 1133 2375 1190 videtur.
2472 1137 2661 1204 Quare

387 1241 554 1282 nemo
599 1219 766 1278 facile
784 1257 803 1294 ,
860 1237 1036 1295 quum
1089 1219 1230 1277 alias
1287 1225 1421 1296 post
1461 1236 1637 1279 voces
1692 1217 1813 1274 fere
1856 1222 2083 1273 constet
2122 1216 2503 1276 Herodotum
2547 1239 2662 1300 σμι-

387 1301 535 1384 κρός
573 1304 874 1384 posuisse,
931 1303 1194 1362 omnibus
1247 1303 1355 1361 illis
1398 1303 1455 1359 in
1506 1301 1647 1361 locis
1688 1302 1927 1360 sormam
1966 1296 2217 1378 σμικρός
2258 1304 2575 1378 praeferre
2614 1307 2659 1362 in

387 1397 682 1468 posterum
725 1387 1050 1463 dubitabit,
1089 1387 1425 1466 praesertim
1470 1405 1645 1464 quum
1688 1385 1833 1443 haec
1875 1384 2059 1442 forma
2104 1385 2309 1444 [micis
2354 1390 2661 1466 scriptori-

385 1474 494 1532 bus
535 1481 656 1532 cum
701 1471 1116 1550 antiquioribus
1157 1470 1361 1532 Atticis
1398 1471 1522 1529 fere
1558 1469 1819 1528 omnibus
1862 1470 2035 1526 fuerit
2080 1474 2420 1530 communis·
2514 1475 2657 1532 Nam

387 1561 445 1618 iu
477 1559 846 1637 Hippocratis
889 1558 1046 1615 libris
1085 1555 1292 1634 ubique
1336 1551 1589 1634 σμικρός
1626 1554 2039 1614 restituendum
2076 1572 2225 1628 esse,
2268 1557 2505 1616 monuit
2548 1559 2659 1619 He-

387 1646 554 1721 ringa
595 1644 904 1704 observat.
945 1663 1004 1722 p.
1044 1645 1113 1701 47
1157 1640 1260 1724 (cf.
1299 1641 1529 1700 Schaef.
1582 1642 1761 1716 Greg.
1802 1639 1941 1698 Cor.
1982 1657 2039 1716 p.
2082 1637 2213 1718 500)
2254 1647 2312 1697 et
2358 1643 2529 1718 apud
2572 1663 2657 1700 ce

386 1737 492 1788 ter
479 1751 544 1786 »s
591 1728 650 1785 In
619 1729 816 1785 unicos
857 1729 1172 1808 scriptores
1225 1726 1611 1801 negligentiae
1662 1723 2015 1780 librariorum
2056 1725 2405 1800 scripturam
2451 1722 2661 1805 μικρός

386 1814 585 1871 tribuit
629 1813 888 1870 Koenius
929 1815 1002 1869 ad
1045 1813 1226 1886 Greg.
1269 1811 1410 1868 Cor.
1454 1807 1491 1870 Ι.
1520 1807 1559 1866 Ι.
1644 1807 1789 1864 Vide
1830 1806 2013 1868 Piers.
2054 1807 2235 1864 Moer.
2276 1829 2335 1884 p.
2366 1816 2481 1870 356
2530 1832 2659 1891 σμι-

386 1895 536 1974 κρὸν
571 1887 890 1968 Ἀττικαῖς,
950 1892 1169 1973 μικρὸν
1225 1890 1455 1956 κοινόν.
1535 1892 1719 1950 Maitt.
1766 1891 1998 1970 (Sturz)
2052 1893 2125 1950 de
2171 1911 2362 1968 graec.
2410 1896 2555 1959 dial.-
2604 1918 2657 1974 p.

387 1986 509 2040 394.
573 1980 908 2036 Schneider.
948 1981 1021 2038 ad
1066 1980 1208 2037 Plat.
1251 1979 1458 2054 Remp.
1503 1977 1855 2053 111,p.406
1900 1974 1971 2034 D.
2031 1975 2180 2035 Lob.
2227 1979 2321 2055 Aj.
2367 1997 2461 2037 vs.
2508 1986 2654 2042 1268.

388 2065 743 2137 Quamquam
790 2063 996 2140 Poppo
1053 2061 1345 2138 (Thucyd
1387 2063 1516 2119 Vol.
1562 2062 1625 2133 Ι,
1683 2079 1737 2138 p.
1782 2057 1917 2137 210)
1963 2060 2019 2117 iu
2078 2061 2445 2136 Thucydidis
2506 2066 2655 2132 libris

389 2145 622 2203 formam
671 2141 926 2225 σμικρός
966 2165 1248 2223 nunquam
1293 2147 1527 2202 admitto
1532 2147 1701 2202 udam
1744 2163 1872 2201 esse
1928 2146 2181 2220 censuit,
2234 2147 2459 2225 quippe
2506 2153 2655 2226 cujus

387 2231 629 2306 vestigia
675 2230 760 2286 b'is
805 2235 1022 2288 tantum
1060 2231 1144 2308 (4,
1189 2235 1274 2292 13.
1319 2233 1374 2301 7,
1422 2230 1517 2303 75)
1560 2230 1933 2298 exsisterent3
1998 2236 2059 2287 et
2098 2231 2252 2306 apud
2296 2233 2655 2311 Xenophon-

385 2321 498 2374 tem
536 2333 663 2373 mox
711 2309 960 2396 σμικρός
999 2335 1129 2373 mox
1161 2310 1386 2416 μικρός
1440 2317 1563 2372 sine
1608 2315 1723 2370 ulla
1766 2313 2085 2372 offensione
2127 2315 2335 2390 legitur
2394 2316 2505 2388 (cf.
2554 2319 2655 2378 lex.

384 2399 646 2479 Xenoph.
691 2419 740 2457 s.
783 2398 864 2482 v.)
909 2419 1084 2478 quum
1128 2401 1249 2476 ejus
1293 2400 1508 2476 scripta
1550 2399 1799 2475 quadarn
1848 2415 1913 2454 ex
1956 2405 2118 2474 parte
2158 2400 2231 2456 ad
2278 2405 2653 2460 recentiorem

386 2486 688 2544 inclinasse
734 2485 1085 2544 Atticismum
1129 2492 1324 2543 notum
1369 2485 1460 2540 sit.
1510 2515 1595 2526 —
1660 2483 1966 2542 Praeterea
2010 2483 2178 2540 etiam
2214 2487 2513 2562 permulta
2556 2487 2653 2544 alia

385 2572 575 2630 afferri
618 2579 860 2650 possunt
903 2570 1198 2648 exempla,
1251 2569 1349 2628 ubi
1388 2568 1739 2646 praecedens
1778 2568 1833 2622 in
1876 2567 1915 2626 ii
1962 2565 2230 2626 desinens
2272 2569 2522 2629 verbum
2567 2591 2653 2628 ex-

305 2655 311 2662 ’
385 2658 590 2734 cipitur
631 2658 704 2712 ab
750 2658 966 2730 altero,
1001 2675 1036 2713 a
1076 2654 1495 2732 c.inci1)iente;
1538 2669 1723 2728 neque
1766 2650 1849 2707 ori
1890 2671 2075 2728 neque
2120 2653 2348 2710 auribus
2394 2663 2651 2714 veterum

385 2741 736 2797 Graecorum
779 2741 836 2794 id
883 2740 1242 2814 displicuisse
1291 2741 1431 2816 puto
1478 2734 1578 2818 (cf.
1621 2734 1769 2796 Lob.
1816 2735 2105 2815 Paralipp.
2156 2737 2199 2811 l,
2242 2739 2273 2812 §
2320 2747 2386 2798 11
2434 2761 2498 2818 p,
2546 2745 2651 2817 53).

382 2821 569 2879 Etiam
607 2823 759 2898 apud
803 2821 946 2878 alios
991 2823 1301 2898 scriptores
1343 2820 1679 2880 vocabulum
1722 2819 1778 2876 in
1824 2836 1861 2878 σ
1904 2821 2172 2880 desinens
2215 2825 2483 2899 sequitur
2526 2845 2653 2903 σμι-

383 2902 526 2983 κρός
561 2905 770 2982 (Soph.
813 2903 963 2967 Oed.
1008 2905 1140 2966 Col.
1183 2913 1290 2968 443
1331 2907 1473 2978 ἔπος
1518 2899 1791 2985 σμικρόν.
1836 2903 1982 2963 Plat.
2026 2908 2198 2984 Resp.
2240 2908 2399 2984 VIII,
2440 2916 2549 2970 556
2592 2910 2651 2970 E.

383 2989 650 3060 νοσῶδες
697 2993 972 3071 σμικρᾶς.
1019 2996 1080 3047 et
1121 2991 1284 3065 alibi)
1327 2998 1390 3050 ut
1432 2993 1587 3049 nulla
1625 2991 1782 3066 justa
1824 3007 1996 3046 causa
2038 2997 2349 3070 appareat,
2394 3013 2501 3050 cur
2540 2995 2655 3053 He·

383 3075 624 3132 rodotus
667 3073 813 3132 hanc
855 3074 962 3132 sibi
1005 3074 1194 3157 legem
1223 3077 1432 3134 dixisse
1481 3076 1804 3134 censendus
1838 3073 1935 3149 sit,
1980 3082 2043 3133 ut
2092 3072 2345 3156 σμικρός
2380 3079 2653 3137 scriberet

381 3159 492 3221 nisi
543 3165 676 3240 post
719 3159 892 3219 verba
945 3161 1004 3219 in
1066 3179 1103 3222 σ
1145 3162 1500 3228 desinentia3
1569 3179 1742 3238 quum
1787 3164 1846 3215 et
1894 3163 2213 3220 constantia
2256 3169 2314 3220 et
2358 3165 2651 3221 fluctuatio

381 3245 700 3324 scripturae
733 3265 848 3304 una
883 3265 1010 3304 eum
1053 3246 1270 3323 reliqua
1297 3245 1634 3303 Herodotea
1685 3244 2097 3303 consuetudine
2142 3267 2247 3304 nos
2284 3229 2365 3304 ab
2408 3247 2520 3306 hac
2563 3255 2653 3306 aut

379 3333 580 3410 quavis
624 3333 736 3389 alia
779 3331 1114 3408 exceptione
1161 3331 1528 3388 concedenda
1578 3329 1969 3390 dehortentur.

281 3461 298 3466 -
551 3419 755 3491 Aeque
814 3434 928 3472 non
971 3413 1366 3473 Herodoteum
1421 3422 1511 3474 est
1564 3410 1877 3494 μάραγδος
1920 3415 2079 3491 quod
2119 3416 2195 3475 ΙΙ.
2238 3421 2311 3475 44
2353 3417 2535 3480 codd.
2582 3417 2653 3481 Μ.

377 3499 445 3561 Ρ.
489 3499 564 3560 K.
609 3499 676 3560 F.
722 3497 954 3576 (Athen.
997 3499 1098 3570 III,
1137 3503 1211 3557 94
1237 3494 1340 3581 B.)
1379 3500 1527 3558 male
1570 3498 1983 3557 substituerunt
2026 3509 2181 3559 recte
2224 3501 2461 3577 vulgato
2508 3496 2657 3582 σμά-

379 3584 644 3665 ραγδος,
703 3585 855 3661 quod
909 3583 1035 3641 sine
1089 3585 1366 3642 varietate
1414 3603 1613 3642 omnes
1656 3583 1756 3646 III.
1795 3587 1867 3642 41
1924 3585 2220 3661 praebent.
2306 3585 2526 3644 Similis
2570 3605 2655 3644 ra-

375 3671 462 3727 tio
520 3673 612 3725 est
669 3669 985 3745 scripturae
1040 3670 1330 3726 varietatis
1373 3667 1469 3726 IV.
1516 3675 1617 3728 181
1674 3669 1827 3726 inter
1869 3663 2115 3748 χλιαρόν
2174 3670 2259 3727 bis
2315 3677 2481 3728 recte
2540 3671 2657 3729 vul-

369 3759 592 3830 gatum,
641 3761 697 3810 et
740 3747 949 3830 λιαρόν
995 3755 1206 3812 codicis
1251 3754 1318 3810 F.
1305 3793 1342 3827 .,
1388 3754 1485 3831 qui
1517 3754 1573 3811 in
1616 3754 1979 3812 Homericum
2022 3773 2183 3812 usum
2227 3754 2335 3813 hoc
2376 3754 2509 3814 loco
2556 3756 2652 3814 ab·

377 3857 602 3898 errasse
639 3839 958 3896 censendus
990 3845 1096 3900 est.
1186 3839 1306 3896 Sed
1347 3833 1593 3918 χλιαρόν
1639 3840 1811 3897 etiam
1854 3837 2094 3914 Magnes
2137 3839 2291 3916 apud
2336 3839 2555 3900 Athen.
2600 3862 2650 3919 p.

375 3929 480 3984 646
521 3924 593 3983 E.
641 3925 935 4000 usurpavit
992 3928 1052 3981 et
1091 3920 1386 4000 Aristoph.
1436 3923 1679 3982 Achai-n.
1724 3944 1809 3986 vs.
1852 3927 1973 3983 975.
2042 3923 2289 3986 Nicand.
2346 3923 2505 3983 Alex.
2558 3931 2657 3984 360

373 4015 434 4064 et
461 4009 617 4086 apud
648 4008 855 4066 Athen.
883 4029 942 4084 p.
974 4011 1077 4066 126
1100 4007 1167 4062 C.
1243 4005 1449 4083 Neque
1497 4009 1665 4066 etiam
1706 4009 1958 4086 χλὶερος,
2004 4011 2157 4085 quod
2184 4009 2434 4067 Ionicum
2482 4011 2653 4068 fuisse

374 4090 625 4165 dicitur,
661 4110 800 4148 usus
840 4098 929 4147 est
971 4089 1343 4161 HerodotuS‚
1387 4091 1459 4145 cf.
1508 4090 1656 4147 infra
1704 4111 1763 4166 p.
1810 4096 1931 4153 137.

551 4173 830 4244 Regulam
884 4172 1074 4244 illam,
1127 4172 1186 4226 in
1243 4172 1569 4230 universum
1617 4175 1845 4249 quidem
1891 4177 2195 4252 probatam
2252 4175 2567 4255 multisque
2606 4181 2656 4238 in
