<?xml version="1.0" encoding="UTF-8"?>
<!DOCTYPE html PUBLIC "-//W3C//DTD XHTML 1.0 Transitional//EN"
    "http://www.w3.org/TR/xhtml1/DTD/xhtml1-transitional.dtd">
<html xmlns="http://www.w3.org/1999/xhtml" xml:lang="en" lang="en">
 <head>
  <title>
</title>
<meta http-equiv="Content-Type" content="text/html;charset=utf-8" />
  <meta name='ocr-system' content='tesseract 3.04.00' />
  <meta name='ocr-capabilities' content='ocr_page ocr_carea ocr_par ocr_line ocrx_word'/>
</head>
<body>
  <div class='ocr_page' id='page_1' title='image "./quaestionumcrit00unkngoog_0414.png"; bbox 0 0 2784 4567; ppageno 0'>
   <div class='ocr_carea' id='block_1_1' title="bbox 438 144 2104 215">
    <p class='ocr_par' dir='ltr' id='par_1_1' title="bbox 438 144 2104 215">
     <span class='ocr_line' id='line_1_1' title="bbox 438 144 2104 215; baseline 0.001 -2"><span class='ocrx_word' id='word_1_1' title='bbox 438 144 567 213; x_wconf 63' lang='lat' dir='ltr'>m</span> <span class='ocrx_word' id='word_1_2' title='bbox 1064 146 1157 211; x_wconf 83' lang='lat' dir='ltr'><strong>Dc</strong></span> <span class='ocrx_word' id='word_1_3' title='bbox 1194 147 1446 211; x_wconf 65' lang='lat' dir='ltr'><strong>dialecto</strong></span> <span class='ocrx_word' id='word_1_4' title='bbox 1485 148 1820 211; x_wconf 67' lang='lat' dir='ltr'><strong>amdam</strong></span> <span class='ocrx_word' id='word_1_5' title='bbox 1855 150 1960 211; x_wconf 70' lang='lat' dir='ltr'><strong>lib.</strong></span> <span class='ocrx_word' id='word_1_6' title='bbox 2005 148 2104 215; x_wconf 81' lang='lat' dir='ltr'><strong>IV.</strong></span> 
     </span>
    </p>
   </div>
   <div class='ocr_carea' id='block_1_2' title="bbox 430 304 2740 801">
    <p class='ocr_par' dir='ltr' id='par_1_2' title="bbox 430 304 2740 801">
     <span class='ocr_line' id='line_1_2' title="bbox 434 304 2739 388; baseline 0.001 -9"><span class='ocrx_word' id='word_1_7' title='bbox 434 324 557 379; x_wconf 70' lang='lat' dir='ltr'><strong>me</strong></span> <span class='ocrx_word' id='word_1_8' title='bbox 616 314 763 375; x_wconf 66' lang='lat' dir='ltr'><strong>ath</strong></span> <span class='ocrx_word' id='word_1_9' title='bbox 814 316 1031 379; x_wconf 68' lang='lat' dir='ltr'><strong>undu</strong></span> <span class='ocrx_word' id='word_1_10' title='bbox 1084 320 1205 388; x_wconf 68' lang='grc' dir='ltr'><strong>αις</strong></span> <span class='ocrx_word' id='word_1_11' title='bbox 1262 318 1347 377; x_wconf 79' lang='lat' dir='ltr'><strong>sic</strong></span> <span class='ocrx_word' id='word_1_12' title='bbox 1403 316 1586 377; x_wconf 73' lang='lat' dir='ltr'><strong>habes</strong></span> <span class='ocrx_word' id='word_1_13' title='bbox 1647 312 1846 381; x_wconf 65' lang='grc' dir='ltr'><strong><em>ἱστᾶσι</em></strong></span> <span class='ocrx_word' id='word_1_14' title='bbox 1907 317 1983 380; x_wconf 84' lang='grc' dir='ltr'><strong>Π.</strong></span> <span class='ocrx_word' id='word_1_15' title='bbox 2027 324 2124 385; x_wconf 80' lang='grc'><strong>65.</strong></span> <span class='ocrx_word' id='word_1_16' title='bbox 2187 304 2446 382; x_wconf 54' lang='lat' dir='ltr'><strong>mlx.</strong></span> <span class='ocrx_word' id='word_1_17' title='bbox 2521 320 2602 384; x_wconf 78' lang='lat' dir='ltr'><strong>V.</strong></span> <span class='ocrx_word' id='word_1_18' title='bbox 2665 331 2739 382; x_wconf 76' lang='lat'><strong>16.</strong></span> 
     </span>
     <span class='ocr_line' id='line_1_3' title="bbox 434 396 2740 485; baseline -0.002 -18"><span class='ocrx_word' id='word_1_19' title='bbox 434 403 709 467; x_wconf 65' lang='grc' dir='ltr'><strong><em>ἕκιστᾶσι</em></strong></span> <span class='ocrx_word' id='word_1_20' title='bbox 754 401 801 461; x_wconf 87' lang='lat'><strong>1.</strong></span> <span class='ocrx_word' id='word_1_21' title='bbox 838 405 958 462; x_wconf 86' lang='grc'><strong>167.</strong></span> <span class='ocrx_word' id='word_1_22' title='bbox 1000 400 1070 462; x_wconf 83' lang='lat' dir='ltr'><strong>V.</strong></span> <span class='ocrx_word' id='word_1_23' title='bbox 1105 406 1199 462; x_wconf 73' lang='lat'><strong>27.</strong></span> <span class='ocrx_word' id='word_1_24' title='bbox 1240 400 1344 462; x_wconf 83' lang='lat' dir='ltr'><strong>vl.</strong></span> <span class='ocrx_word' id='word_1_25' title='bbox 1376 408 1468 463; x_wconf 74' lang='lat'><strong>38.</strong></span> <span class='ocrx_word' id='word_1_26' title='bbox 1551 396 1844 466; x_wconf 70' lang='grc' dir='ltr'><strong><em>ἅπιστᾶσι</em></strong></span> <span class='ocrx_word' id='word_1_27' title='bbox 1883 404 1980 463; x_wconf 86' lang='lat' dir='ltr'><strong>lV.</strong></span> <span class='ocrx_word' id='word_1_28' title='bbox 2017 410 2140 464; x_wconf 81' lang='grc'><strong>160.</strong></span> <span class='ocrx_word' id='word_1_29' title='bbox 2229 410 2605 485; x_wconf 71' lang='grc' dir='ltr'><strong><em>περιιστᾶσι</em></strong></span> <span class='ocrx_word' id='word_1_30' title='bbox 2643 408 2740 465; x_wconf 89' lang='grc' dir='ltr'><strong>ΙΠ.</strong></span> 
     </span>
     <span class='ocr_line' id='line_1_4' title="bbox 430 482 2738 567; baseline 0 -18"><span class='ocrx_word' id='word_1_31' title='bbox 430 493 523 549; x_wconf 74' lang='lat'><strong>24.</strong></span> <span class='ocrx_word' id='word_1_32' title='bbox 606 490 907 567; x_wconf 70' lang='grc' dir='ltr'><strong><em>πιμπλᾶσι</em></strong></span> <span class='ocrx_word' id='word_1_33' title='bbox 963 484 1037 549; x_wconf 89' lang='lat'><strong>11.</strong></span> <span class='ocrx_word' id='word_1_34' title='bbox 1093 492 1181 545; x_wconf 61' lang='lat'><strong>40.</strong></span> <span class='ocrx_word' id='word_1_35' title='bbox 1198 482 1259 566; x_wconf 72' lang='lat'><strong>*)</strong></span> <span class='ocrx_word' id='word_1_36' title='bbox 1321 487 1422 547; x_wconf 81' lang='lat' dir='ltr'><strong>lv.</strong></span> <span class='ocrx_word' id='word_1_37' title='bbox 1473 490 1565 549; x_wconf 73' lang='lat'><strong>72.</strong></span> <span class='ocrx_word' id='word_1_38' title='bbox 1659 488 1862 566; x_wconf 65' lang='lat' dir='ltr'><strong>Quare</strong></span> <span class='ocrx_word' id='word_1_39' title='bbox 1919 506 2092 547; x_wconf 75' lang='lat' dir='ltr'><strong>nuum</strong></span> <span class='ocrx_word' id='word_1_40' title='bbox 2147 482 2482 552; x_wconf 75' lang='grc' dir='ltr'><strong><em>ἆνιστέασι</em></strong></span> <span class='ocrx_word' id='word_1_41' title='bbox 2541 492 2620 554; x_wconf 87' lang='lat' dir='ltr'><strong>V.</strong></span> <span class='ocrx_word' id='word_1_42' title='bbox 2679 497 2738 551; x_wconf 87' lang='grc'><strong>71</strong></span> 
     </span>
     <span class='ocr_line' id='line_1_5' title="bbox 434 570 2732 650; baseline 0 -18"><span class='ocrx_word' id='word_1_43' title='bbox 434 576 641 633; x_wconf 77' lang='lat' dir='ltr'><strong>contra</strong></span> <span class='ocrx_word' id='word_1_44' title='bbox 678 577 855 649; x_wconf 84' lang='lat' dir='ltr'><strong>atque</strong></span> <span class='ocrx_word' id='word_1_45' title='bbox 878 570 1217 629; x_wconf 84' lang='lat' dir='ltr'><strong>Herodotea</strong></span> <span class='ocrx_word' id='word_1_46' title='bbox 1248 572 1402 631; x_wconf 80' lang='lat' dir='ltr'><strong>ratio</strong></span> <span class='ocrx_word' id='word_1_47' title='bbox 1443 571 1776 650; x_wconf 75' lang='lat' dir='ltr'><strong>postulabat</strong></span> <span class='ocrx_word' id='word_1_48' title='bbox 1817 573 2134 648; x_wconf 70' lang='lat' dir='ltr'><strong>vulgatum,</strong></span> <span class='ocrx_word' id='word_1_49' title='bbox 2175 592 2366 633; x_wconf 76' lang='lat' dir='ltr'><strong>nemo</strong></span> <span class='ocrx_word' id='word_1_50' title='bbox 2413 575 2598 636; x_wconf 73' lang='lat' dir='ltr'><strong>facile</strong></span> <span class='ocrx_word' id='word_1_51' title='bbox 2639 574 2732 633; x_wconf 82' lang='lat' dir='ltr'><strong>dn·</strong></span> 
     </span>
     <span class='ocr_line' id='line_1_6' title="bbox 434 649 2735 739; baseline 0 -22"><span class='ocrx_word' id='word_1_52' title='bbox 434 656 641 717; x_wconf 72' lang='lat' dir='ltr'><strong>bit-bit</strong></span> <span class='ocrx_word' id='word_1_53' title='bbox 680 674 901 715; x_wconf 81' lang='lat' dir='ltr'><strong>mecum</strong></span> <span class='ocrx_word' id='word_1_54' title='bbox 944 657 1003 713; x_wconf 82' lang='lat' dir='ltr'><strong>in</strong></span> <span class='ocrx_word' id='word_1_55' title='bbox 1042 649 1323 718; x_wconf 67' lang='grc' dir='ltr'><strong><em>ἀνιστᾶσι</em></strong></span> <span class='ocrx_word' id='word_1_56' title='bbox 1354 661 1602 732; x_wconf 80' lang='lat' dir='ltr'><strong>mutare,</strong></span> <span class='ocrx_word' id='word_1_57' title='bbox 1643 657 1802 733; x_wconf 84' lang='lat' dir='ltr'><strong>quod</strong></span> <span class='ocrx_word' id='word_1_58' title='bbox 1835 658 2022 735; x_wconf 78' lang='lat' dir='ltr'><strong>ipsum</strong></span> <span class='ocrx_word' id='word_1_59' title='bbox 2049 658 2444 717; x_wconf 79' lang='lat' dir='ltr'><strong>Herodotum</strong></span> <span class='ocrx_word' id='word_1_60' title='bbox 2473 661 2735 739; x_wconf 73' lang='lat' dir='ltr'><strong>posuisse</strong></span> 
     </span>
     <span class='ocr_line' id='line_1_7' title="bbox 435 742 862 801; baseline 0 -2"><span class='ocrx_word' id='word_1_61' title='bbox 435 742 571 801; x_wconf 72' lang='lat' dir='ltr'><strong>mihi</strong></span> <span class='ocrx_word' id='word_1_62' title='bbox 614 746 862 800; x_wconf 83' lang='lat' dir='ltr'><strong>constat.</strong></span> 
     </span>
    </p>
   </div>
   <div class='ocr_carea' id='block_1_3' title="bbox 386 856 2775 3726">
    <p class='ocr_par' dir='ltr' id='par_1_3' title="bbox 386 856 2775 3726">
     <span class='ocr_line' id='line_1_8' title="bbox 386 856 2729 937; baseline 0 -21"><span class='ocrx_word' id='word_1_63' title='bbox 386 928 395 937; x_wconf 22' lang='grc' dir='ltr'><em>θ</em></span> <span class='ocrx_word' id='word_1_64' title='bbox 604 858 726 916; x_wconf 87' lang='lat' dir='ltr'><strong>Sed</strong></span> <span class='ocrx_word' id='word_1_65' title='bbox 784 859 860 917; x_wconf 87' lang='lat' dir='ltr'><strong>de</strong></span> <span class='ocrx_word' id='word_1_66' title='bbox 916 859 1086 917; x_wconf 84' lang='lat' dir='ltr'><strong>tertia</strong></span> <span class='ocrx_word' id='word_1_67' title='bbox 1137 856 1342 936; x_wconf 75' lang='lat' dir='ltr'><strong>plurali</strong></span> <span class='ocrx_word' id='word_1_68' title='bbox 1394 856 1637 935; x_wconf 84' lang='lat' dir='ltr'><strong>perfecti</strong></span> <span class='ocrx_word' id='word_1_69' title='bbox 1694 857 1973 937; x_wconf 86' lang='lat' dir='ltr'><strong>temporis</strong></span> <span class='ocrx_word' id='word_1_70' title='bbox 2019 859 2286 931; x_wconf 65' lang='lat' dir='ltr'><strong>⁶fortasse</strong></span> <span class='ocrx_word' id='word_1_71' title='bbox 2347 858 2729 933; x_wconf 55' lang='lat' dir='ltr'><strong>dubinreris,</strong></span> 
     </span>
     <span class='ocr_line' id='line_1_9' title="bbox 434 938 2726 1021; baseline -0 -20"><span class='ocrx_word' id='word_1_72' title='bbox 434 952 621 1005; x_wconf 84' lang='lat' dir='ltr'><strong>utrum</strong></span> <span class='ocrx_word' id='word_1_73' title='bbox 658 942 755 1002; x_wconf 88' lang='lat' dir='ltr'><strong>illa</strong></span> <span class='ocrx_word' id='word_1_74' title='bbox 788 940 995 1007; x_wconf 78' lang='grc' dir='ltr'><strong><em>ἑστᾶσι</em></strong></span> <span class='ocrx_word' id='word_1_75' title='bbox 1040 960 1113 1001; x_wconf 85' lang='lat' dir='ltr'><strong>an</strong></span> <span class='ocrx_word' id='word_1_76' title='bbox 1155 938 1380 1004; x_wconf 75' lang='grc' dir='ltr'><strong><em>ἕστέασι</em></strong></span> <span class='ocrx_word' id='word_1_77' title='bbox 1423 942 1574 1019; x_wconf 82' lang='lat' dir='ltr'><strong>apud</strong></span> <span class='ocrx_word' id='word_1_78' title='bbox 1616 947 1876 1001; x_wconf 85' lang='lat' dir='ltr'><strong>nostrum</strong></span> <span class='ocrx_word' id='word_1_79' title='bbox 1917 942 1993 1000; x_wconf 89' lang='lat' dir='ltr'><strong>sit</strong></span> <span class='ocrx_word' id='word_1_80' title='bbox 2036 938 2394 1017; x_wconf 80' lang='lat' dir='ltr'><strong>scribenda,</strong></span> <span class='ocrx_word' id='word_1_81' title='bbox 2464 964 2642 1021; x_wconf 82' lang='lat' dir='ltr'><strong>quum</strong></span> <span class='ocrx_word' id='word_1_82' title='bbox 2683 946 2726 1003; x_wconf 89' lang='lat' dir='ltr'><strong>ei</strong></span> 
     </span>
     <span class='ocr_line' id='line_1_10' title="bbox 438 1018 2723 1107; baseline -0.002 -19"><span class='ocrx_word' id='word_1_83' title='bbox 438 1031 621 1088; x_wconf 84' lang='lat' dir='ltr'><strong>forma</strong></span> <span class='ocrx_word' id='word_1_84' title='bbox 662 1022 911 1091; x_wconf 73' lang='grc' dir='ltr'><strong><em>ἓστᾶασι</em></strong></span> <span class='ocrx_word' id='word_1_85' title='bbox 952 1018 1291 1107; x_wconf 72' lang='grc' dir='ltr'><strong>(ἑστήκασι)</strong></span> <span class='ocrx_word' id='word_1_86' title='bbox 1328 1024 1586 1102; x_wconf 85' lang='lat' dir='ltr'><strong>subjecta</strong></span> <span class='ocrx_word' id='word_1_87' title='bbox 1629 1025 1725 1101; x_wconf 88' lang='lat' dir='ltr'><strong>sit,</strong></span> <span class='ocrx_word' id='word_1_88' title='bbox 1769 1045 1860 1103; x_wconf 89' lang='lat' dir='ltr'><strong>ac,</strong></span> <span class='ocrx_word' id='word_1_89' title='bbox 1897 1030 2237 1104; x_wconf 81' lang='lat' dir='ltr'><strong>quamquani</strong></span> <span class='ocrx_word' id='word_1_90' title='bbox 2275 1047 2469 1089; x_wconf 85' lang='lat' dir='ltr'><strong>unum</strong></span> <span class='ocrx_word' id='word_1_91' title='bbox 2515 1034 2723 1087; x_wconf 85' lang='lat' dir='ltr'><strong>tantum</strong></span> 
     </span>
     <span class='ocr_line' id='line_1_11' title="bbox 432 1108 2720 1193; baseline -0.002 -21"><span class='ocrx_word' id='word_1_92' title='bbox 432 1117 630 1193; x_wconf 88' lang='lat' dir='ltr'><strong>pateat</strong></span> <span class='ocrx_word' id='word_1_93' title='bbox 670 1130 843 1191; x_wconf 72' lang='lat' dir='ltr'><strong>posse</strong></span> <span class='ocrx_word' id='word_1_94' title='bbox 879 1128 1077 1187; x_wconf 77' lang='lat' dir='ltr'><strong>verum</strong></span> <span class='ocrx_word' id='word_1_95' title='bbox 1120 1130 1286 1185; x_wconf 79' lang='lat' dir='ltr'><strong>esse,</strong></span> <span class='ocrx_word' id='word_1_96' title='bbox 1338 1110 1631 1169; x_wconf 84' lang='lat' dir='ltr'><strong>fluctuatio</strong></span> <span class='ocrx_word' id='word_1_97' title='bbox 1675 1108 1825 1172; x_wconf 84' lang='lat' dir='ltr'><strong>inter</strong></span> <span class='ocrx_word' id='word_1_98' title='bbox 1869 1118 2164 1188; x_wconf 83' lang='lat' dir='ltr'><strong>utramque</strong></span> <span class='ocrx_word' id='word_1_99' title='bbox 2205 1112 2472 1171; x_wconf 83' lang='lat' dir='ltr'><strong>sormam</strong></span> <span class='ocrx_word' id='word_1_100' title='bbox 2519 1112 2720 1170; x_wconf 83' lang='lat' dir='ltr'><strong>nostris</strong></span> 
     </span>
     <span class='ocr_line' id='line_1_12' title="bbox 434 1192 2718 1275; baseline -0.002 -18"><span class='ocrx_word' id='word_1_101' title='bbox 434 1200 492 1257; x_wconf 88' lang='lat' dir='ltr'><strong>in</strong></span> <span class='ocrx_word' id='word_1_102' title='bbox 534 1196 693 1255; x_wconf 80' lang='lat' dir='ltr'><strong>libris</strong></span> <span class='ocrx_word' id='word_1_103' title='bbox 740 1201 1020 1258; x_wconf 76' lang='lat' dir='ltr'><strong>cernatur.</strong></span> <span class='ocrx_word' id='word_1_104' title='bbox 1110 1194 1318 1253; x_wconf 87' lang='lat' dir='ltr'><strong>Verum</strong></span> <span class='ocrx_word' id='word_1_105' title='bbox 1363 1192 1567 1256; x_wconf 73' lang='grc' dir='ltr'><strong><em>ἑστᾶσι</em></strong></span> <span class='ocrx_word' id='word_1_106' title='bbox 1608 1194 1680 1251; x_wconf 87' lang='lat' dir='ltr'><strong>ab</strong></span> <span class='ocrx_word' id='word_1_107' title='bbox 1724 1194 1850 1272; x_wconf 90' lang='lat' dir='ltr'><strong>ipso</strong></span> <span class='ocrx_word' id='word_1_108' title='bbox 1882 1195 2183 1253; x_wconf 76' lang='lat' dir='ltr'><strong>Herodoto</strong></span> <span class='ocrx_word' id='word_1_109' title='bbox 2214 1196 2451 1275; x_wconf 87' lang='lat' dir='ltr'><strong>ubique</strong></span> <span class='ocrx_word' id='word_1_110' title='bbox 2481 1198 2718 1275; x_wconf 84' lang='lat' dir='ltr'><strong>positum</strong></span> 
     </span>
     <span class='ocr_line' id='line_1_13' title="bbox 432 1276 2717 1357; baseline 0.001 -20"><span class='ocrx_word' id='word_1_111' title='bbox 432 1298 564 1337; x_wconf 82' lang='lat' dir='ltr'><strong>esse</strong></span> <span class='ocrx_word' id='word_1_112' title='bbox 607 1284 671 1336; x_wconf 89' lang='lat' dir='ltr'><strong>ut</strong></span> <span class='ocrx_word' id='word_1_113' title='bbox 704 1280 1065 1355; x_wconf 85' lang='lat' dir='ltr'><strong>judicemus,</strong></span> <span class='ocrx_word' id='word_1_114' title='bbox 1119 1278 1327 1337; x_wconf 88' lang='lat' dir='ltr'><strong>suadet</strong></span> <span class='ocrx_word' id='word_1_115' title='bbox 1370 1283 1430 1336; x_wconf 86' lang='lat' dir='ltr'><strong>et</strong></span> <span class='ocrx_word' id='word_1_116' title='bbox 1471 1276 1737 1357; x_wconf 71' lang='lat' dir='ltr'><strong>analogia</strong></span> <span class='ocrx_word' id='word_1_117' title='bbox 1769 1278 1986 1337; x_wconf 84' lang='lat' dir='ltr'><strong>formae</strong></span> <span class='ocrx_word' id='word_1_118' title='bbox 2023 1278 2258 1351; x_wconf 71' lang='grc' dir='ltr'><strong><em>ἱστᾶσι,</em></strong></span> <span class='ocrx_word' id='word_1_119' title='bbox 2317 1284 2386 1339; x_wconf 87' lang='lat' dir='ltr'><strong>et</strong></span> <span class='ocrx_word' id='word_1_120' title='bbox 2443 1300 2717 1357; x_wconf 87' lang='lat' dir='ltr'><strong>gramma·</strong></span> 
     </span>
     <span class='ocr_line' id='line_1_14' title="bbox 431 1360 2714 1438; baseline -0 -17"><span class='ocrx_word' id='word_1_121' title='bbox 431 1364 545 1421; x_wconf 86' lang='lat' dir='ltr'><strong>tica</strong></span> <span class='ocrx_word' id='word_1_122' title='bbox 570 1362 743 1420; x_wconf 83' lang='lat' dir='ltr'><strong>’ratio</strong></span> <span class='ocrx_word' id='word_1_123' title='bbox 788 1360 1159 1437; x_wconf 82' lang='lat' dir='ltr'><strong>Herodotea,</strong></span> <span class='ocrx_word' id='word_1_124' title='bbox 1223 1381 1291 1419; x_wconf 84' lang='lat' dir='ltr'><strong>ex</strong></span> <span class='ocrx_word' id='word_1_125' title='bbox 1338 1377 1453 1438; x_wconf 88' lang='lat' dir='ltr'><strong>qua</strong></span> <span class='ocrx_word' id='word_1_126' title='bbox 1510 1361 1736 1423; x_wconf 85' lang='lat' dir='ltr'><strong>vocales</strong></span> <span class='ocrx_word' id='word_1_127' title='bbox 1788 1362 1875 1426; x_wconf 65' lang='grc' dir='ltr'><strong>αῖ</strong></span> <span class='ocrx_word' id='word_1_128' title='bbox 1926 1382 2044 1422; x_wconf 86' lang='lat' dir='ltr'><strong>non</strong></span> <span class='ocrx_word' id='word_1_129' title='bbox 2094 1363 2205 1421; x_wconf 88' lang='lat' dir='ltr'><strong>nisi</strong></span> <span class='ocrx_word' id='word_1_130' title='bbox 2267 1363 2327 1422; x_wconf 91' lang='lat' dir='ltr'><strong>in</strong></span> <span class='ocrx_word' id='word_1_131' title='bbox 2391 1364 2440 1423; x_wconf 71' lang='grc' dir='ltr'>ἆ</span> <span class='ocrx_word' id='word_1_132' title='bbox 2482 1366 2714 1423; x_wconf 87' lang='lat' dir='ltr'><strong>transire</strong></span> 
     </span>
     <span class='ocr_line' id='line_1_15' title="bbox 404 1444 2712 1527; baseline 0 -22"><span class='ocrx_word' id='word_1_133' title='bbox 404 1455 714 1527; x_wconf 80' lang='lat' dir='ltr'><strong>possunt,</strong></span> <span class='ocrx_word' id='word_1_134' title='bbox 774 1452 833 1504; x_wconf 89' lang='lat' dir='ltr'><strong>et</strong></span> <span class='ocrx_word' id='word_1_135' title='bbox 876 1446 1122 1523; x_wconf 88' lang='lat' dir='ltr'><strong>denique</strong></span> <span class='ocrx_word' id='word_1_136' title='bbox 1175 1445 1303 1523; x_wconf 87' lang='lat' dir='ltr'><strong>ipsa</strong></span> <span class='ocrx_word' id='word_1_137' title='bbox 1351 1444 1614 1505; x_wconf 88' lang='lat' dir='ltr'><strong>codicum</strong></span> <span class='ocrx_word' id='word_1_138' title='bbox 1661 1448 2013 1522; x_wconf 87' lang='lat' dir='ltr'><strong>auctoritas,</strong></span> <span class='ocrx_word' id='word_1_139' title='bbox 2069 1448 2164 1525; x_wconf 88' lang='lat' dir='ltr'><strong>qui</strong></span> <span class='ocrx_word' id='word_1_140' title='bbox 2211 1444 2339 1505; x_wconf 77' lang='lat' dir='ltr'><strong>fere</strong></span> <span class='ocrx_word' id='word_1_141' title='bbox 2391 1455 2712 1507; x_wconf 74' lang='lat' dir='ltr'><strong>constanter</strong></span> 
     </span>
     <span class='ocr_line' id='line_1_16' title="bbox 434 1522 2711 1609; baseline -0.003 -14"><span class='ocrx_word' id='word_1_142' title='bbox 434 1532 640 1595; x_wconf 75' lang='grc' dir='ltr'><strong><em>ἑστᾶσι</em></strong></span> <span class='ocrx_word' id='word_1_143' title='bbox 692 1529 1101 1609; x_wconf 88' lang='lat' dir='ltr'><strong>praebuerunt.</strong></span> <span class='ocrx_word' id='word_1_144' title='bbox 1184 1528 1285 1588; x_wconf 92' lang='lat' dir='ltr'><strong>Sic</strong></span> <span class='ocrx_word' id='word_1_145' title='bbox 1338 1528 1545 1593; x_wconf 74' lang='grc' dir='ltr'><strong><em>ἑστᾶσι</em></strong></span> <span class='ocrx_word' id='word_1_146' title='bbox 1603 1522 1706 1589; x_wconf 65' lang='lat' dir='ltr'><strong>est‘</strong></span> <span class='ocrx_word' id='word_1_147' title='bbox 1743 1528 1791 1587; x_wconf 91' lang='grc' dir='ltr'><strong>Ι.</strong></span> <span class='ocrx_word' id='word_1_148' title='bbox 1835 1536 1922 1591; x_wconf 84' lang='lat'><strong>14.</strong></span> <span class='ocrx_word' id='word_1_149' title='bbox 1965 1536 2220 1595; x_wconf 85' lang='lat'><strong>51.·155.</strong></span> <span class='ocrx_word' id='word_1_150' title='bbox 2267 1535 2405 1596; x_wconf 89' lang='grc'><strong>179.</strong></span> <span class='ocrx_word' id='word_1_151' title='bbox 2456 1536 2552 1592; x_wconf 81' lang='grc'><strong>199</strong></span> <span class='ocrx_word' id='word_1_152' title='bbox 2599 1532 2711 1607; x_wconf 89' lang='lat' dir='ltr'><strong>(ubi</strong></span> 
     </span>
     <span class='ocr_line' id='line_1_17' title="bbox 432 1610 2708 1689; baseline -0.001 -12"><span class='ocrx_word' id='word_1_153' title='bbox 432 1616 565 1677; x_wconf 75' lang='grc' dir='ltr'><strong>ΔΜ.</strong></span> <span class='ocrx_word' id='word_1_154' title='bbox 608 1614 683 1675; x_wconf 81' lang='lat' dir='ltr'><strong>F.</strong></span> <span class='ocrx_word' id='word_1_155' title='bbox 726 1634 777 1674; x_wconf 81' lang='lat' dir='ltr'><strong>a.</strong></span> <span class='ocrx_word' id='word_1_156' title='bbox 815 1614 1056 1689; x_wconf 73' lang='grc' dir='ltr'><strong><em>ἱστᾶσι).</em></strong></span> <span class='ocrx_word' id='word_1_157' title='bbox 1116 1610 1190 1674; x_wconf 90' lang='grc' dir='ltr'><strong>Π.</strong></span> <span class='ocrx_word' id='word_1_158' title='bbox 1242 1620 1333 1674; x_wconf 83' lang='lat'><strong>26.</strong></span> <span class='ocrx_word' id='word_1_159' title='bbox 1374 1618 1447 1673; x_wconf 82' lang='lat'><strong>63</strong></span> <span class='ocrx_word' id='word_1_160' title='bbox 1482 1616 1590 1676; x_wconf 77' lang='lat' dir='ltr'><strong>bis.</strong></span> <span class='ocrx_word' id='word_1_161' title='bbox 1643 1620 1734 1674; x_wconf 84' lang='lat'><strong>83.</strong></span> <span class='ocrx_word' id='word_1_162' title='bbox 1777 1618 1862 1677; x_wconf 86' lang='lat'><strong>91.</strong></span> <span class='ocrx_word' id='word_1_163' title='bbox 1908 1618 2030 1678; x_wconf 74' lang='lat'><strong>124.</strong></span> <span class='ocrx_word' id='word_1_164' title='bbox 2087 1619 2204 1675; x_wconf 81' lang='lat'><strong>127.</strong></span> <span class='ocrx_word' id='word_1_165' title='bbox 2265 1620 2380 1676; x_wconf 83' lang='lat'><strong>130</strong></span> <span class='ocrx_word' id='word_1_166' title='bbox 2427 1616 2541 1674; x_wconf 74' lang='lat' dir='ltr'><strong>bin.</strong></span> <span class='ocrx_word' id='word_1_167' title='bbox 2600 1620 2708 1675; x_wconf 75' lang='lat'><strong>149.</strong></span> 
     </span>
     <span class='ocr_line' id='line_1_18' title="bbox 437 1692 2709 1779; baseline 0.001 -16"><span class='ocrx_word' id='word_1_168' title='bbox 437 1706 561 1765; x_wconf 82' lang='lat'><strong>153.</strong></span> <span class='ocrx_word' id='word_1_169' title='bbox 611 1702 728 1759; x_wconf 89' lang='grc'><strong>170.</strong></span> <span class='ocrx_word' id='word_1_170' title='bbox 776 1702 901 1758; x_wconf 87' lang='grc'><strong>176.</strong></span> <span class='ocrx_word' id='word_1_171' title='bbox 943 1698 1038 1758; x_wconf 84' lang='lat' dir='ltr'><strong>IV.</strong></span> <span class='ocrx_word' id='word_1_172' title='bbox 1070 1702 1136 1759; x_wconf 86' lang='lat'><strong>15</strong></span> <span class='ocrx_word' id='word_1_173' title='bbox 1180 1698 1339 1773; x_wconf 88' lang='lat' dir='ltr'><strong>(item</strong></span> <span class='ocrx_word' id='word_1_174' title='bbox 1367 1698 1612 1775; x_wconf 82' lang='lat' dir='ltr'><strong>origen.</strong></span> <span class='ocrx_word' id='word_1_175' title='bbox 1655 1705 1762 1762; x_wconf 50' lang='lat' dir='ltr'><strong>ctr-</strong></span> <span class='ocrx_word' id='word_1_176' title='bbox 1792 1692 1946 1758; x_wconf 81' lang='lat' dir='ltr'><strong>Cels.</strong></span> <span class='ocrx_word' id='word_1_177' title='bbox 1975 1698 2090 1779; x_wconf 57' lang='lat'><strong>2111,</strong></span> <span class='ocrx_word' id='word_1_178' title='bbox 2121 1720 2184 1777; x_wconf 88' lang='lat' dir='ltr'><strong>p.</strong></span> <span class='ocrx_word' id='word_1_179' title='bbox 2217 1701 2377 1778; x_wconf 71' lang='lat'><strong>126).</strong></span> <span class='ocrx_word' id='word_1_180' title='bbox 2427 1700 2592 1762; x_wconf 85' lang='lat' dir='ltr'><strong>Vm.</strong></span> <span class='ocrx_word' id='word_1_181' title='bbox 2634 1705 2709 1766; x_wconf 81' lang='grc'><strong>98.</strong></span> 
     </span>
     <span class='ocr_line' id='line_1_19' title="bbox 432 1782 2708 1859; baseline 0.001 -17"><span class='ocrx_word' id='word_1_182' title='bbox 432 1792 555 1851; x_wconf 76' lang='lat'>122,</span> <span class='ocrx_word' id='word_1_183' title='bbox 642 1782 721 1843; x_wconf 86' lang='grc' dir='ltr'><strong>Π.</strong></span> <span class='ocrx_word' id='word_1_184' title='bbox 766 1788 838 1843; x_wconf 91' lang='grc'><strong>70</strong></span> <span class='ocrx_word' id='word_1_185' title='bbox 887 1782 1203 1847; x_wconf 78' lang='grc' dir='ltr'><strong><em>κατεστᾶσι</em></strong></span> <span class='ocrx_word' id='word_1_186' title='bbox 1258 1783 1387 1841; x_wconf 89' lang='lat' dir='ltr'><strong>cod.</strong></span> <span class='ocrx_word' id='word_1_187' title='bbox 1433 1782 1497 1841; x_wconf 85' lang='lat' dir='ltr'><strong>S.</strong></span> <span class='ocrx_word' id='word_1_188' title='bbox 1544 1789 1700 1841; x_wconf 84' lang='lat' dir='ltr'><strong>recte</strong></span> <span class='ocrx_word' id='word_1_189' title='bbox 1745 1782 2027 1859; x_wconf 85' lang='lat' dir='ltr'><strong>servavit,</strong></span> <span class='ocrx_word' id='word_1_190' title='bbox 2087 1783 2186 1842; x_wconf 90' lang='lat' dir='ltr'><strong>ubi</strong></span> <span class='ocrx_word' id='word_1_191' title='bbox 2225 1785 2422 1842; x_wconf 85' lang='lat' dir='ltr'><strong>nostri</strong></span> <span class='ocrx_word' id='word_1_192' title='bbox 2471 1786 2708 1844; x_wconf 78' lang='lat' dir='ltr'><strong>editores</strong></span> 
     </span>
     <span class='ocr_line' id='line_1_20' title="bbox 430 1864 2774 1951; baseline 0 -22"><span class='ocrx_word' id='word_1_193' title='bbox 430 1872 580 1931; x_wconf 82' lang='lat' dir='ltr'><strong>falso</strong></span> <span class='ocrx_word' id='word_1_194' title='bbox 612 1865 959 1931; x_wconf 71' lang='grc' dir='ltr'><strong><em>κατεστέασι</em></strong></span> <span class='ocrx_word' id='word_1_195' title='bbox 1002 1864 1413 1951; x_wconf 77' lang='lat' dir='ltr'><strong>praetulerunt.</strong></span> <span class='ocrx_word' id='word_1_196' title='bbox 1499 1866 1544 1925; x_wconf 89' lang='lat' dir='ltr'><strong>l.</strong></span> <span class='ocrx_word' id='word_1_197' title='bbox 1587 1874 1694 1927; x_wconf 83' lang='lat'><strong>200</strong></span> <span class='ocrx_word' id='word_1_198' title='bbox 1723 1866 2038 1929; x_wconf 72' lang='grc' dir='ltr'><strong><em>κατεστᾶσι</em></strong></span> <span class='ocrx_word' id='word_1_199' title='bbox 2068 1866 2199 1926; x_wconf 74' lang='lat' dir='ltr'><strong>AM.</strong></span> <span class='ocrx_word' id='word_1_200' title='bbox 2243 1867 2319 1927; x_wconf 84' lang='lat' dir='ltr'><strong>al.</strong></span> <span class='ocrx_word' id='word_1_201' title='bbox 2361 1888 2505 1927; x_wconf 87' lang='lat' dir='ltr'><strong>cum</strong></span> <span class='ocrx_word' id='word_1_202' title='bbox 2551 1870 2707 1931; x_wconf 85' lang='lat' dir='ltr'><strong>codd.</strong></span> <span class='ocrx_word' id='word_1_203' title='bbox 2772 1942 2774 1947; x_wconf 30' lang='grc'><strong>,</strong></span> 
     </span>
     <span class='ocr_line' id='line_1_21' title="bbox 432 1950 2775 2027; baseline -0.001 -14"><span class='ocrx_word' id='word_1_204' title='bbox 432 1958 498 2019; x_wconf 84' lang='lat' dir='ltr'><strong>S.</strong></span> <span class='ocrx_word' id='word_1_205' title='bbox 528 1954 611 2012; x_wconf 75' lang='lat' dir='ltr'><strong>M.</strong></span> <span class='ocrx_word' id='word_1_206' title='bbox 652 1953 733 2011; x_wconf 82' lang='grc' dir='ltr'><strong>Κ.</strong></span> <span class='ocrx_word' id='word_1_207' title='bbox 774 1952 844 2015; x_wconf 76' lang='lat' dir='ltr'><strong>F.</strong></span> <span class='ocrx_word' id='word_1_208' title='bbox 888 1972 941 2011; x_wconf 81' lang='lat' dir='ltr'><strong>a.</strong></span> <span class='ocrx_word' id='word_1_209' title='bbox 988 1950 1025 2009; x_wconf 92' lang='lat' dir='ltr'><strong>b</strong></span> <span class='ocrx_word' id='word_1_210' title='bbox 1087 1950 1170 2027; x_wconf 91' lang='lat' dir='ltr'><strong>d.,</strong></span> <span class='ocrx_word' id='word_1_211' title='bbox 1216 1950 1312 2009; x_wconf 89' lang='lat' dir='ltr'><strong>ubi</strong></span> <span class='ocrx_word' id='word_1_212' title='bbox 1356 1952 1508 2009; x_wconf 84' lang='lat' dir='ltr'><strong>nuuc</strong></span> <span class='ocrx_word' id='word_1_213' title='bbox 1553 1950 1698 2010; x_wconf 84' lang='lat' dir='ltr'><strong>male</strong></span> <span class='ocrx_word' id='word_1_214' title='bbox 1734 1971 1862 2011; x_wconf 91' lang='lat' dir='ltr'><strong>cum</strong></span> <span class='ocrx_word' id='word_1_215' title='bbox 1907 1953 2033 2011; x_wconf 89' lang='lat' dir='ltr'><strong>cod.</strong></span> <span class='ocrx_word' id='word_1_216' title='bbox 2081 1950 2156 2010; x_wconf 80' lang='lat' dir='ltr'><strong>R.</strong></span> <span class='ocrx_word' id='word_1_217' title='bbox 2199 1952 2562 2016; x_wconf 79' lang='grc' dir='ltr'><strong><em>κατεστὲασι</em></strong></span> <span class='ocrx_word' id='word_1_218' title='bbox 2602 1954 2709 2011; x_wconf 82' lang='lat' dir='ltr'><strong>vul·</strong></span> <span class='ocrx_word' id='word_1_219' title='bbox 2772 1950 2775 2007; x_wconf 89' lang='grc' dir='ltr'>Ι</span> 
     </span>
     <span class='ocr_line' id='line_1_22' title="bbox 432 2033 2706 2116; baseline 0 -20"><span class='ocrx_word' id='word_1_220' title='bbox 432 2045 627 2116; x_wconf 80' lang='lat' dir='ltr'><strong>gatum</strong></span> <span class='ocrx_word' id='word_1_221' title='bbox 671 2043 761 2095; x_wconf 87' lang='lat' dir='ltr'><strong>est</strong></span> <span class='ocrx_word' id='word_1_222' title='bbox 804 2036 1178 2115; x_wconf 81' lang='grc' dir='ltr'><strong><em>(κατεστεᾶσι</em></strong></span> <span class='ocrx_word' id='word_1_223' title='bbox 1206 2034 1304 2113; x_wconf 91' lang='lat' dir='ltr'><strong>c.).</strong></span> <span class='ocrx_word' id='word_1_224' title='bbox 1388 2033 1439 2109; x_wconf 75' lang='lat' dir='ltr'><strong>I.</strong></span> <span class='ocrx_word' id='word_1_225' title='bbox 1485 2038 1587 2097; x_wconf 85' lang='lat'><strong>196</strong></span> <span class='ocrx_word' id='word_1_226' title='bbox 1629 2034 1727 2093; x_wconf 89' lang='lat' dir='ltr'><strong>ubi</strong></span> <span class='ocrx_word' id='word_1_227' title='bbox 1763 2056 1913 2093; x_wconf 90' lang='lat' dir='ltr'><strong>nunc</strong></span> <span class='ocrx_word' id='word_1_228' title='bbox 1955 2034 2098 2095; x_wconf 86' lang='lat' dir='ltr'><strong>male</strong></span> <span class='ocrx_word' id='word_1_229' title='bbox 2132 2055 2261 2094; x_wconf 87' lang='lat' dir='ltr'><strong>cum</strong></span> <span class='ocrx_word' id='word_1_230' title='bbox 2300 2038 2438 2100; x_wconf 85' lang='lat' dir='ltr'><strong>cod.</strong></span> <span class='ocrx_word' id='word_1_231' title='bbox 2471 2038 2546 2096; x_wconf 87' lang='lat' dir='ltr'><strong>F.</strong></span> <span class='ocrx_word' id='word_1_232' title='bbox 2585 2062 2706 2099; x_wconf 74' lang='grc' dir='ltr'><strong><em>κατ-</em></strong></span> 
     </span>
     <span class='ocr_line' id='line_1_23' title="bbox 435 2112 2704 2201; baseline -0.004 -16"><span class='ocrx_word' id='word_1_233' title='bbox 435 2119 662 2185; x_wconf 80' lang='grc' dir='ltr'><strong><em>εστὲασι</em></strong></span> <span class='ocrx_word' id='word_1_234' title='bbox 709 2122 895 2179; x_wconf 84' lang='lat' dir='ltr'><strong>editur</strong></span> <span class='ocrx_word' id='word_1_235' title='bbox 934 2141 1041 2197; x_wconf 91' lang='lat' dir='ltr'><strong>pro</strong></span> <span class='ocrx_word' id='word_1_236' title='bbox 1085 2116 1425 2190; x_wconf 78' lang='grc' dir='ltr'><strong><em>κατεστᾶσι,</em></strong></span> <span class='ocrx_word' id='word_1_237' title='bbox 1467 2118 1561 2177; x_wconf 86' lang='lat' dir='ltr'><strong>alii</strong></span> <span class='ocrx_word' id='word_1_238' title='bbox 1603 2121 1678 2201; x_wconf 86' lang='lat' dir='ltr'><strong>ad</strong></span> <span class='ocrx_word' id='word_1_239' title='bbox 1720 2112 2098 2182; x_wconf 75' lang='grc' dir='ltr'><strong><em>κατεστὲαται</em></strong></span> <span class='ocrx_word' id='word_1_240' title='bbox 2134 2120 2523 2195; x_wconf 85' lang='lat' dir='ltr'><strong>aberrarunt,</strong></span> <span class='ocrx_word' id='word_1_241' title='bbox 2564 2123 2704 2197; x_wconf 86' lang='lat' dir='ltr'><strong>quod</strong></span> 
     </span>
     <span class='ocr_line' id='line_1_24' title="bbox 431 2202 2702 2282; baseline -0.001 -17"><span class='ocrx_word' id='word_1_242' title='bbox 431 2205 585 2265; x_wconf 89' lang='lat' dir='ltr'><strong>nullo</strong></span> <span class='ocrx_word' id='word_1_243' title='bbox 630 2204 801 2263; x_wconf 89' lang='lat' dir='ltr'><strong>modo</strong></span> <span class='ocrx_word' id='word_1_244' title='bbox 843 2203 1074 2261; x_wconf 80' lang='lat' dir='ltr'><strong>defendi</strong></span> <span class='ocrx_word' id='word_1_245' title='bbox 1116 2208 1342 2280; x_wconf 79' lang='lat' dir='ltr'><strong>potest3</strong></span> <span class='ocrx_word' id='word_1_246' title='bbox 1394 2204 1527 2261; x_wconf 84' lang='lat' dir='ltr'><strong>vide</strong></span> <span class='ocrx_word' id='word_1_247' title='bbox 1571 2204 1699 2261; x_wconf 86' lang='lat' dir='ltr'><strong>huic</strong></span> <span class='ocrx_word' id='word_1_248' title='bbox 1741 2204 1925 2263; x_wconf 86' lang='lat' dir='ltr'><strong>simile</strong></span> <span class='ocrx_word' id='word_1_249' title='bbox 1966 2205 2159 2261; x_wconf 87' lang='lat' dir='ltr'><strong>vitium</strong></span> <span class='ocrx_word' id='word_1_250' title='bbox 2201 2206 2258 2262; x_wconf 89' lang='lat' dir='ltr'><strong>in</strong></span> <span class='ocrx_word' id='word_1_251' title='bbox 2311 2202 2702 2282; x_wconf 81' lang='lat' dir='ltr'><strong>Xenophontis</strong></span> 
     </span>
     <span class='ocr_line' id='line_1_25' title="bbox 428 2286 2703 2368; baseline -0.001 -19"><span class='ocrx_word' id='word_1_252' title='bbox 428 2290 639 2352; x_wconf 51' lang='grc' dir='ltr'><strong>ΔιιαΙ).α</strong></span> <span class='ocrx_word' id='word_1_253' title='bbox 665 2288 761 2368; x_wconf 84' lang='lat' dir='ltr'><strong>lv,</strong></span> <span class='ocrx_word' id='word_1_254' title='bbox 802 2294 860 2365; x_wconf 85' lang='lat'><strong>8,</strong></span> <span class='ocrx_word' id='word_1_255' title='bbox 899 2294 931 2346; x_wconf 85' lang='lat'>5</span> <span class='ocrx_word' id='word_1_256' title='bbox 975 2289 1355 2346; x_wconf 88' lang='lat' dir='ltr'><strong>commissum.</strong></span> <span class='ocrx_word' id='word_1_257' title='bbox 1445 2288 1565 2345; x_wconf 85' lang='lat' dir='ltr'><strong>Sed</strong></span> <span class='ocrx_word' id='word_1_258' title='bbox 1609 2293 1881 2362; x_wconf 81' lang='lat' dir='ltr'><strong>quattuor</strong></span> <span class='ocrx_word' id='word_1_259' title='bbox 1923 2289 1982 2347; x_wconf 84' lang='lat' dir='ltr'><strong>in</strong></span> <span class='ocrx_word' id='word_1_260' title='bbox 2020 2286 2183 2367; x_wconf 75' lang='lat' dir='ltr'><strong>lociS,</strong></span> <span class='ocrx_word' id='word_1_261' title='bbox 2217 2288 2324 2347; x_wconf 82' lang='lat' dir='ltr'><strong>ubi</strong></span> <span class='ocrx_word' id='word_1_262' title='bbox 2358 2295 2576 2348; x_wconf 89' lang='lat' dir='ltr'><strong>nostra</strong></span> <span class='ocrx_word' id='word_1_263' title='bbox 2617 2310 2703 2347; x_wconf 84' lang='lat' dir='ltr'><strong>ex-</strong></span> 
     </span>
     <span class='ocr_line' id='line_1_26' title="bbox 432 2370 2702 2455; baseline -0.002 -20"><span class='ocrx_word' id='word_1_264' title='bbox 432 2375 621 2455; x_wconf 86' lang='lat' dir='ltr'><strong>empla</strong></span> <span class='ocrx_word' id='word_1_265' title='bbox 660 2370 998 2436; x_wconf 74' lang='grc' dir='ltr'><strong><em>κατεστέασι</em></strong></span> <span class='ocrx_word' id='word_1_266' title='bbox 1043 2370 1111 2449; x_wconf 92' lang='lat' dir='ltr'><strong>(I.</strong></span> <span class='ocrx_word' id='word_1_267' title='bbox 1155 2378 1277 2432; x_wconf 78' lang='lat'><strong>200.</strong></span> <span class='ocrx_word' id='word_1_268' title='bbox 1328 2370 1399 2433; x_wconf 81' lang='lat'><strong>11.</strong></span> <span class='ocrx_word' id='word_1_269' title='bbox 1441 2376 1533 2433; x_wconf 81' lang='lat'><strong>84.</strong></span> <span class='ocrx_word' id='word_1_270' title='bbox 1575 2372 1669 2431; x_wconf 83' lang='lat' dir='ltr'><strong>lv.</strong></span> <span class='ocrx_word' id='word_1_271' title='bbox 1707 2372 1804 2450; x_wconf 83' lang='lat'><strong>63)</strong></span> <span class='ocrx_word' id='word_1_272' title='bbox 1847 2379 1905 2431; x_wconf 85' lang='lat' dir='ltr'><strong>et</strong></span> <span class='ocrx_word' id='word_1_273' title='bbox 1947 2370 2253 2435; x_wconf 77' lang='grc' dir='ltr'><strong><em>α’νεστὲασι</em></strong></span> <span class='ocrx_word' id='word_1_274' title='bbox 2293 2370 2433 2451; x_wconf 89' lang='lat'><strong>(111.</strong></span> <span class='ocrx_word' id='word_1_275' title='bbox 2481 2374 2582 2451; x_wconf 85' lang='lat'><strong>62)</strong></span> <span class='ocrx_word' id='word_1_276' title='bbox 2620 2393 2702 2430; x_wconf 88' lang='lat' dir='ltr'><strong>re-</strong></span> 
     </span>
     <span class='ocr_line' id='line_1_27' title="bbox 430 2456 2700 2535; baseline -0.003 -14"><span class='ocrx_word' id='word_1_277' title='bbox 430 2462 742 2533; x_wconf 83' lang='lat' dir='ltr'><strong>tinuerunt,</strong></span> <span class='ocrx_word' id='word_1_278' title='bbox 784 2456 992 2517; x_wconf 88' lang='lat' dir='ltr'><strong>nullam</strong></span> <span class='ocrx_word' id='word_1_279' title='bbox 1037 2458 1369 2516; x_wconf 81' lang='lat' dir='ltr'><strong>varietatem</strong></span> <span class='ocrx_word' id='word_1_280' title='bbox 1401 2476 1433 2515; x_wconf 90' lang='lat' dir='ltr'><strong>e</strong></span> <span class='ocrx_word' id='word_1_281' title='bbox 1465 2457 1635 2516; x_wconf 85' lang='lat' dir='ltr'><strong>codd.</strong></span> <span class='ocrx_word' id='word_1_282' title='bbox 1653 2456 1800 2517; x_wconf 82' lang='lat' dir='ltr'><strong>Mss.</strong></span> <span class='ocrx_word' id='word_1_283' title='bbox 1839 2457 2171 2517; x_wconf 80' lang='lat' dir='ltr'><strong>adnotatam</strong></span> <span class='ocrx_word' id='word_1_284' title='bbox 2213 2458 2442 2535; x_wconf 85' lang='lat' dir='ltr'><strong>reperi3</strong></span> <span class='ocrx_word' id='word_1_285' title='bbox 2484 2478 2700 2517; x_wconf 83' lang='lat' dir='ltr'><strong>verum-</strong></span> 
     </span>
     <span class='ocr_line' id='line_1_28' title="bbox 431 2536 2694 2622; baseline -0.001 -19"><span class='ocrx_word' id='word_1_286' title='bbox 431 2553 622 2603; x_wconf 83' lang='lat' dir='ltr'><strong>tamen</strong></span> <span class='ocrx_word' id='word_1_287' title='bbox 666 2541 817 2599; x_wconf 86' lang='lat' dir='ltr'><strong>nulla</strong></span> <span class='ocrx_word' id='word_1_288' title='bbox 850 2542 969 2617; x_wconf 78' lang='lat' dir='ltr'><strong>jam</strong></span> <span class='ocrx_word' id='word_1_289' title='bbox 1008 2536 1138 2613; x_wconf 82' lang='lat' dir='ltr'><strong>mihi</strong></span> <span class='ocrx_word' id='word_1_290' title='bbox 1176 2540 1371 2599; x_wconf 85' lang='lat' dir='ltr'><strong>relicta</strong></span> <span class='ocrx_word' id='word_1_291' title='bbox 1415 2548 1503 2600; x_wconf 87' lang='lat' dir='ltr'><strong>est</strong></span> <span class='ocrx_word' id='word_1_292' title='bbox 1547 2539 1866 2617; x_wconf 84' lang='lat' dir='ltr'><strong>dubitatio,</strong></span> <span class='ocrx_word' id='word_1_293' title='bbox 1931 2543 2066 2622; x_wconf 89' lang='lat' dir='ltr'><strong>quin</strong></span> <span class='ocrx_word' id='word_1_294' title='bbox 2133 2542 2308 2599; x_wconf 89' lang='lat' dir='ltr'><strong>etiam</strong></span> <span class='ocrx_word' id='word_1_295' title='bbox 2370 2542 2506 2599; x_wconf 88' lang='lat' dir='ltr'><strong>istis</strong></span> <span class='ocrx_word' id='word_1_296' title='bbox 2574 2543 2694 2601; x_wconf 82' lang='lat' dir='ltr'><strong>locis</strong></span> 
     </span>
     <span class='ocr_line' id='line_1_29' title="bbox 426 2616 2700 2704; baseline -0.002 -15"><span class='ocrx_word' id='word_1_297' title='bbox 426 2628 761 2689; x_wconf 84' lang='lat' dir='ltr'><strong>Herodotus</strong></span> <span class='ocrx_word' id='word_1_298' title='bbox 810 2616 1089 2690; x_wconf 77' lang='grc' dir='ltr'><strong><em>ᾶνεστᾶσι</em></strong></span> <span class='ocrx_word' id='word_1_299' title='bbox 1124 2621 1186 2685; x_wconf 75' lang='lat' dir='ltr'><strong>&#39;et</strong></span> <span class='ocrx_word' id='word_1_300' title='bbox 1212 2624 1531 2690; x_wconf 75' lang='grc' dir='ltr'><strong><em>κατεστᾶσι</em></strong></span> <span class='ocrx_word' id='word_1_301' title='bbox 1567 2625 1841 2704; x_wconf 87' lang='lat' dir='ltr'><strong>scriptum</strong></span> <span class='ocrx_word' id='word_1_302' title='bbox 1880 2626 2193 2704; x_wconf 79' lang='lat' dir='ltr'><strong>reliquerit.</strong></span> <span class='ocrx_word' id='word_1_303' title='bbox 2279 2626 2366 2682; x_wconf 79' lang='lat' dir='ltr'><strong>Ac</strong></span> <span class='ocrx_word' id='word_1_304' title='bbox 2403 2645 2584 2703; x_wconf 86' lang='lat' dir='ltr'><strong>quam</strong></span> <span class='ocrx_word' id='word_1_305' title='bbox 2623 2629 2700 2684; x_wconf 87' lang='lat' dir='ltr'><strong>in-</strong></span> 
     </span>
     <span class='ocr_line' id='line_1_30' title="bbox 429 2709 2698 2791; baseline -0.002 -19"><span class='ocrx_word' id='word_1_306' title='bbox 429 2720 563 2791; x_wconf 84' lang='lat' dir='ltr'><strong>epte</strong></span> <span class='ocrx_word' id='word_1_307' title='bbox 620 2710 765 2770; x_wconf 83' lang='lat' dir='ltr'><strong>tales</strong></span> <span class='ocrx_word' id='word_1_308' title='bbox 819 2710 876 2767; x_wconf 89' lang='lat' dir='ltr'><strong>in</strong></span> <span class='ocrx_word' id='word_1_309' title='bbox 933 2710 1145 2769; x_wconf 78' lang='lat' dir='ltr'><strong>formas</strong></span> <span class='ocrx_word' id='word_1_310' title='bbox 1208 2709 1473 2768; x_wconf 78' lang='lat' dir='ltr'><strong>librarios</strong></span> <span class='ocrx_word' id='word_1_311' title='bbox 1519 2710 1737 2789; x_wconf 87' lang='lat' dir='ltr'><strong>epsilon</strong></span> <span class='ocrx_word' id='word_1_312' title='bbox 1792 2728 1954 2769; x_wconf 85' lang='lat' dir='ltr'><strong>suum</strong></span> <span class='ocrx_word' id='word_1_313' title='bbox 1993 2710 2343 2785; x_wconf 87' lang='lat' dir='ltr'><strong>inseruisse,</strong></span> <span class='ocrx_word' id='word_1_314' title='bbox 2396 2712 2698 2769; x_wconf 84' lang='lat' dir='ltr'><strong>manifesto</strong></span> 
     </span>
     <span class='ocr_line' id='line_1_31' title="bbox 427 2792 2698 2879; baseline -0.001 -24"><span class='ocrx_word' id='word_1_315' title='bbox 427 2803 669 2879; x_wconf 81' lang='lat' dir='ltr'><strong>apparet</strong></span> <span class='ocrx_word' id='word_1_316' title='bbox 712 2814 787 2854; x_wconf 86' lang='lat' dir='ltr'><strong>ex</strong></span> <span class='ocrx_word' id='word_1_317' title='bbox 825 2796 1033 2853; x_wconf 82' lang='lat' dir='ltr'><strong>vitioso</strong></span> <span class='ocrx_word' id='word_1_318' title='bbox 1075 2792 1433 2875; x_wconf 77' lang='grc' dir='ltr'><strong><em>προεστέατε</em></strong></span> <span class='ocrx_word' id='word_1_319' title='bbox 1457 2792 1546 2855; x_wconf 75' lang='lat' dir='ltr'><strong>&#39;V.</strong></span> <span class='ocrx_word' id='word_1_320' title='bbox 1593 2798 1666 2855; x_wconf 80' lang='lat'><strong>49</strong></span> <span class='ocrx_word' id='word_1_321' title='bbox 1721 2812 1756 2852; x_wconf 92' lang='lat' dir='ltr'><strong>a</strong></span> <span class='ocrx_word' id='word_1_322' title='bbox 1814 2794 2100 2855; x_wconf 81' lang='lat' dir='ltr'><strong>nonnullis</strong></span> <span class='ocrx_word' id='word_1_323' title='bbox 2153 2792 2475 2853; x_wconf 83' lang='lat' dir='ltr'><strong>editoribus</strong></span> <span class='ocrx_word' id='word_1_324' title='bbox 2518 2794 2698 2853; x_wconf 88' lang='lat' dir='ltr'><strong>imme-</strong></span> 
     </span>
     <span class='ocr_line' id='line_1_32' title="bbox 427 2878 2698 2959; baseline -0 -21"><span class='ocrx_word' id='word_1_325' title='bbox 427 2880 539 2939; x_wconf 76' lang='lat' dir='ltr'><strong>rito</strong></span> <span class='ocrx_word' id='word_1_326' title='bbox 597 2879 911 2958; x_wconf 86' lang='lat' dir='ltr'><strong>praelatum</strong></span> <span class='ocrx_word' id='word_1_327' title='bbox 930 2919 949 2955; x_wconf 91' lang='lat'><strong>,</strong></span> <span class='ocrx_word' id='word_1_328' title='bbox 1008 2884 1181 2959; x_wconf 82' lang='lat' dir='ltr'><strong>atque</strong></span> <span class='ocrx_word' id='word_1_329' title='bbox 1241 2878 1525 2939; x_wconf 84' lang='lat' dir='ltr'><strong>immerito</strong></span> <span class='ocrx_word' id='word_1_330' title='bbox 1577 2878 1763 2938; x_wconf 86' lang='lat' dir='ltr'><strong>adhuc</strong></span> <span class='ocrx_word' id='word_1_331' title='bbox 1816 2898 1852 2938; x_wconf 88' lang='lat' dir='ltr'><strong>a</strong></span> <span class='ocrx_word' id='word_1_332' title='bbox 1899 2880 2114 2937; x_wconf 83' lang='lat' dir='ltr'><strong>nostris</strong></span> <span class='ocrx_word' id='word_1_333' title='bbox 2157 2880 2552 2956; x_wconf 84' lang='lat' dir='ltr'><strong>grammaticis</strong></span> <span class='ocrx_word' id='word_1_334' title='bbox 2601 2899 2698 2958; x_wconf 89' lang='lat' dir='ltr'><strong>pro</strong></span> 
     </span>
     <span class='ocr_line' id='line_1_33' title="bbox 426 2962 2767 3044; baseline 0.003 -26"><span class='ocrx_word' id='word_1_335' title='bbox 426 2962 561 3019; x_wconf 83' lang='lat' dir='ltr'><strong>vero</strong></span> <span class='ocrx_word' id='word_1_336' title='bbox 602 2964 893 3038; x_wconf 83' lang='lat' dir='ltr'><strong>agnitum,</strong></span> <span class='ocrx_word' id='word_1_337' title='bbox 939 2982 1109 3038; x_wconf 91' lang='lat' dir='ltr'><strong>quum</strong></span> <span class='ocrx_word' id='word_1_338' title='bbox 1154 2983 1225 3021; x_wconf 89' lang='lat' dir='ltr'><strong>ne</strong></span> <span class='ocrx_word' id='word_1_339' title='bbox 1257 2962 1502 3039; x_wconf 86' lang='lat' dir='ltr'><strong>cogitari</strong></span> <span class='ocrx_word' id='word_1_340' title='bbox 1542 2962 1767 3041; x_wconf 87' lang='lat' dir='ltr'><strong>quidem</strong></span> <span class='ocrx_word' id='word_1_341' title='bbox 1810 2964 2018 3042; x_wconf 87' lang='lat' dir='ltr'><strong>possit,</strong></span> <span class='ocrx_word' id='word_1_342' title='bbox 2061 2983 2176 3041; x_wconf 88' lang='lat' dir='ltr'><strong>quo</strong></span> <span class='ocrx_word' id='word_1_343' title='bbox 2219 2963 2393 3021; x_wconf 88' lang='lat' dir='ltr'><strong>modo</strong></span> <span class='ocrx_word' id='word_1_344' title='bbox 2438 2983 2513 3023; x_wconf 89' lang='lat' dir='ltr'><strong>ex</strong></span> <span class='ocrx_word' id='word_1_345' title='bbox 2557 2987 2699 3044; x_wconf 81' lang='grc' dir='ltr'><strong><em>προ·</em></strong></span> <span class='ocrx_word' id='word_1_346' title='bbox 2765 3006 2767 3015; x_wconf 86' lang='lat'>·</span> 
     </span>
     <span class='ocr_line' id='line_1_34' title="bbox 426 3041 2695 3126; baseline -0.001 -19"><span class='ocrx_word' id='word_1_347' title='bbox 426 3041 631 3107; x_wconf 79' lang='grc' dir='ltr'><strong><em>ἕστᾶτε</em></strong></span> <span class='ocrx_word' id='word_1_348' title='bbox 690 3042 845 3123; x_wconf 87' lang='lat' dir='ltr'><strong>(nam</strong></span> <span class='ocrx_word' id='word_1_349' title='bbox 888 3044 1033 3102; x_wconf 85' lang='lat' dir='ltr'><strong>hanc</strong></span> <span class='ocrx_word' id='word_1_350' title='bbox 1078 3050 1296 3102; x_wconf 88' lang='lat' dir='ltr'><strong>tantum</strong></span> <span class='ocrx_word' id='word_1_351' title='bbox 1340 3047 1581 3105; x_wconf 83' lang='lat' dir='ltr'><strong>formam</strong></span> <span class='ocrx_word' id='word_1_352' title='bbox 1603 3088 1624 3125; x_wconf 89' lang='lat'><strong>,</strong></span> <span class='ocrx_word' id='word_1_353' title='bbox 1681 3056 1746 3106; x_wconf 87' lang='lat' dir='ltr'><strong>ut</strong></span> <span class='ocrx_word' id='word_1_354' title='bbox 1784 3046 1880 3107; x_wconf 90' lang='lat' dir='ltr'><strong>alii</strong></span> <span class='ocrx_word' id='word_1_355' title='bbox 1905 3066 2129 3121; x_wconf 41' lang='lat' dir='ltr'><strong>,omnes</strong></span> <span class='ocrx_word' id='word_1_356' title='bbox 2167 3066 2382 3126; x_wconf 86' lang='lat' dir='ltr'><strong>prosae</strong></span> <span class='ocrx_word' id='word_1_357' title='bbox 2427 3048 2695 3107; x_wconf 84' lang='lat' dir='ltr'><strong>orationis</strong></span> 
     </span>
     <span class='ocr_line' id='line_1_35' title="bbox 428 3128 2694 3213; baseline 0 -23"><span class='ocrx_word' id='word_1_358' title='bbox 428 3130 773 3211; x_wconf 77' lang='lat' dir='ltr'><strong>scriptores,</strong></span> <span class='ocrx_word' id='word_1_359' title='bbox 834 3128 1170 3189; x_wconf 85' lang='lat' dir='ltr'><strong>Herodotus</strong></span> <span class='ocrx_word' id='word_1_360' title='bbox 1216 3128 1571 3207; x_wconf 79' lang='lat' dir='ltr'><strong>usurpabat,</strong></span> <span class='ocrx_word' id='word_1_361' title='bbox 1633 3152 1821 3213; x_wconf 88' lang='lat' dir='ltr'><strong>neque</strong></span> <span class='ocrx_word' id='word_1_362' title='bbox 1863 3152 1992 3191; x_wconf 88' lang='lat' dir='ltr'><strong>eam</strong></span> <span class='ocrx_word' id='word_1_363' title='bbox 2031 3131 2139 3190; x_wconf 89' lang='lat' dir='ltr'><strong>sibi</strong></span> <span class='ocrx_word' id='word_1_364' title='bbox 2181 3150 2253 3191; x_wconf 87' lang='lat' dir='ltr'><strong>ex</strong></span> <span class='ocrx_word' id='word_1_365' title='bbox 2292 3150 2462 3190; x_wconf 87' lang='lat' dir='ltr'><strong>more</strong></span> <span class='ocrx_word' id='word_1_366' title='bbox 2517 3152 2694 3209; x_wconf 81' lang='lat' dir='ltr'><strong>gram-</strong></span> 
     </span>
     <span class='ocr_line' id='line_1_36' title="bbox 424 3208 2766 3726; baseline -0.001 -450"><span class='ocrx_word' id='word_1_367' title='bbox 424 3218 757 3276; x_wconf 84' lang='lat' dir='ltr'><strong>maticorum</strong></span> <span class='ocrx_word' id='word_1_368' title='bbox 778 3213 838 3273; x_wconf 91' lang='lat' dir='ltr'><strong>in</strong></span> <span class='ocrx_word' id='word_1_369' title='bbox 860 3208 1285 3295; x_wconf 69' lang='grc' dir='ltr'><strong><em>προεστῆκατε.</em></strong></span> <span class='ocrx_word' id='word_1_370' title='bbox 1318 3208 1688 3293; x_wconf 78' lang='grc' dir='ltr'><strong><em>προεστᾶατε</em></strong></span> <span class='ocrx_word' id='word_1_371' title='bbox 1710 3216 2003 3295; x_wconf 84' lang='lat' dir='ltr'><strong>explicuit)</strong></span> <span class='ocrx_word' id='word_1_372' title='bbox 2042 3212 2400 3298; x_wconf 77' lang='grc' dir='ltr'><strong><em>προιστὲατε</em></strong></span> <span class='ocrx_word' id='word_1_373' title='bbox 2424 3219 2688 3275; x_wconf 85' lang='lat' dir='ltr'><strong>exsistere</strong></span> <span class='ocrx_word' id='word_1_374' title='bbox 2751 3268 2766 3726; x_wconf 45' lang='grc' dir='ltr'><em>ἐ</em></span> 
     </span>
    </p>
   </div>
   <div class='ocr_carea' id='block_1_4' title="bbox 2773 2076 2776 2261">
    <p class='ocr_par' dir='ltr' id='par_1_4' title="bbox 2773 2076 2776 2261">
     <span class='ocr_line' id='line_1_37' title="bbox 2773 2076 2776 2261; baseline 0 0"><span class='ocrx_word' id='word_1_375' title='bbox 2773 2076 2776 2261; x_wconf 95' lang='lat' dir='ltr'><strong> </strong></span> 
     </span>
    </p>
   </div>
   <div class='ocr_carea' id='block_1_5' title="bbox 2769 2286 2774 2505">
    <p class='ocr_par' dir='ltr' id='par_1_5' title="bbox 2769 2286 2774 2505">
     <span class='ocr_line' id='line_1_38' title="bbox 2769 2286 2774 2505; baseline 0 2062"><span class='ocrx_word' id='word_1_376' title='bbox 2769 2286 2774 2505; x_wconf 95' lang='lat' dir='ltr'><strong> </strong></span> 
     </span>
    </p>
   </div>
   <div class='ocr_carea' id='block_1_6' title="bbox 2766 2562 2772 2993">
    <p class='ocr_par' dir='ltr' id='par_1_6' title="bbox 2766 2562 2772 2993">
     <span class='ocr_line' id='line_1_39' title="bbox 2766 2562 2772 2993; baseline 0 1574"><span class='ocrx_word' id='word_1_377' title='bbox 2766 2562 2772 2993; x_wconf 95' lang='lat' dir='ltr'><strong> </strong></span> 
     </span>
    </p>
   </div>
   <div class='ocr_carea' id='block_1_7' title="bbox 422 3292 2689 3887">
    <p class='ocr_par' dir='ltr' id='par_1_7' title="bbox 422 3292 2689 3887">
     <span class='ocr_line' id='line_1_40' title="bbox 424 3292 2689 3383; baseline -0.001 -22"><span class='ocrx_word' id='word_1_378' title='bbox 424 3302 702 3383; x_wconf 87' lang='lat' dir='ltr'><strong>potuerit,</strong></span> <span class='ocrx_word' id='word_1_379' title='bbox 746 3308 806 3361; x_wconf 88' lang='lat' dir='ltr'><strong>et</strong></span> <span class='ocrx_word' id='word_1_380' title='bbox 849 3316 1021 3380; x_wconf 88' lang='lat' dir='ltr'><strong>quum</strong></span> <span class='ocrx_word' id='word_1_381' title='bbox 1058 3319 1093 3357; x_wconf 90' lang='lat' dir='ltr'><strong>a</strong></span> <span class='ocrx_word' id='word_1_382' title='bbox 1137 3298 1310 3359; x_wconf 86' lang='lat' dir='ltr'><strong>codd.</strong></span> <span class='ocrx_word' id='word_1_383' title='bbox 1352 3292 1431 3358; x_wconf 79' lang='grc' dir='ltr'><strong>Μ.</strong></span> <span class='ocrx_word' id='word_1_384' title='bbox 1476 3300 1538 3357; x_wconf 89' lang='lat' dir='ltr'><strong>S.</strong></span> <span class='ocrx_word' id='word_1_385' title='bbox 1581 3300 1648 3364; x_wconf 82' lang='lat' dir='ltr'><strong>P.</strong></span> <span class='ocrx_word' id='word_1_386' title='bbox 1685 3300 1767 3362; x_wconf 84' lang='lat' dir='ltr'><strong>K.</strong></span> <span class='ocrx_word' id='word_1_387' title='bbox 1807 3299 1883 3362; x_wconf 72' lang='lat' dir='ltr'><strong>F.</strong></span> <span class='ocrx_word' id='word_1_388' title='bbox 1921 3322 1974 3370; x_wconf 82' lang='lat' dir='ltr'><strong>a,</strong></span> <span class='ocrx_word' id='word_1_389' title='bbox 2019 3318 2216 3359; x_wconf 84' lang='lat' dir='ltr'><strong>verum</strong></span> <span class='ocrx_word' id='word_1_390' title='bbox 2262 3296 2622 3379; x_wconf 65' lang='grc' dir='ltr'><strong><em>προέστατε.</em></strong></span> <span class='ocrx_word' id='word_1_391' title='bbox 2657 3319 2689 3359; x_wconf 86' lang='lat' dir='ltr'><strong>a</strong></span> 
     </span>
     <span class='ocr_line' id='line_1_41' title="bbox 426 3384 2688 3467; baseline -0 -25"><span class='ocrx_word' id='word_1_392' title='bbox 426 3386 765 3467; x_wconf 84' lang='lat' dir='ltr'><strong>quibusdam</strong></span> <span class='ocrx_word' id='word_1_393' title='bbox 795 3386 928 3463; x_wconf 89' lang='lat' dir='ltr'><strong>jure</strong></span> <span class='ocrx_word' id='word_1_394' title='bbox 970 3386 1174 3446; x_wconf 85' lang='lat' dir='ltr'><strong>merito</strong></span> <span class='ocrx_word' id='word_1_395' title='bbox 1216 3385 1273 3443; x_wconf 90' lang='lat' dir='ltr'><strong>in</strong></span> <span class='ocrx_word' id='word_1_396' title='bbox 1319 3384 1580 3442; x_wconf 89' lang='lat' dir='ltr'><strong>ordinem</strong></span> <span class='ocrx_word' id='word_1_397' title='bbox 1618 3391 1933 3464; x_wconf 87' lang='lat' dir='ltr'><strong>receptum,</strong></span> <span class='ocrx_word' id='word_1_398' title='bbox 1976 3384 2284 3447; x_wconf 78' lang='lat' dir='ltr'><strong>exhibitum</strong></span> <span class='ocrx_word' id='word_1_399' title='bbox 2327 3386 2423 3443; x_wconf 86' lang='lat' dir='ltr'><strong>sit.</strong></span> <span class='ocrx_word' id='word_1_400' title='bbox 2511 3384 2688 3442; x_wconf 81' lang='lat' dir='ltr'><strong>Etiam</strong></span> 
     </span>
     <span class='ocr_line' id='line_1_42' title="bbox 426 3464 2689 3550; baseline 0.001 -23"><span class='ocrx_word' id='word_1_401' title='bbox 426 3489 643 3527; x_wconf 88' lang='lat' dir='ltr'><strong>summo</strong></span> <span class='ocrx_word' id='word_1_402' title='bbox 703 3472 761 3527; x_wconf 90' lang='lat' dir='ltr'><strong>in</strong></span> <span class='ocrx_word' id='word_1_403' title='bbox 817 3486 1012 3528; x_wconf 86' lang='lat' dir='ltr'><strong>errore</strong></span> <span class='ocrx_word' id='word_1_404' title='bbox 1073 3470 1113 3525; x_wconf 91' lang='lat' dir='ltr'><strong>ii</strong></span> <span class='ocrx_word' id='word_1_405' title='bbox 1138 3474 1145 3483; x_wconf 80' lang='grc'><strong><em>’</em></strong></span> <span class='ocrx_word' id='word_1_406' title='bbox 1170 3466 1304 3527; x_wconf 84' lang='lat' dir='ltr'><strong>mihi</strong></span> <span class='ocrx_word' id='word_1_407' title='bbox 1359 3470 1576 3527; x_wconf 85' lang='lat' dir='ltr'><strong>versari</strong></span> <span class='ocrx_word' id='word_1_408' title='bbox 1634 3470 1930 3543; x_wconf 84' lang='lat' dir='ltr'><strong>videntur,</strong></span> <span class='ocrx_word' id='word_1_409' title='bbox 1991 3471 2091 3547; x_wconf 88' lang='lat' dir='ltr'><strong>&#39;qui</strong></span> <span class='ocrx_word' id='word_1_410' title='bbox 2135 3466 2289 3526; x_wconf 89' lang='lat' dir='ltr'><strong>istud</strong></span> <span class='ocrx_word' id='word_1_411' title='bbox 2339 3464 2689 3550; x_wconf 76' lang='grc' dir='ltr'><strong><em>προεστέατε</em></strong></span> 
     </span>
     <span class='ocr_line' id='line_1_43' title="bbox 423 3542 2687 3634; baseline 0 -25"><span class='ocrx_word' id='word_1_412' title='bbox 423 3550 730 3609; x_wconf 82' lang='lat' dir='ltr'><strong>Homerica</strong></span> <span class='ocrx_word' id='word_1_413' title='bbox 761 3552 944 3609; x_wconf 79' lang='lat' dir='ltr'><strong>forma</strong></span> <span class='ocrx_word' id='word_1_414' title='bbox 988 3550 1193 3631; x_wconf 73' lang='grc' dir='ltr'><strong><em>ἔστητε</em></strong></span> <span class='ocrx_word' id='word_1_415' title='bbox 1235 3542 1408 3629; x_wconf 61' lang='grc' dir='ltr'><strong>ΙΙ.”4,</strong></span> <span class='ocrx_word' id='word_1_416' title='bbox 1447 3558 1571 3616; x_wconf 81' lang='lat'><strong>243.</strong></span> <span class='ocrx_word' id='word_1_417' title='bbox 1612 3557 1717 3613; x_wconf 81' lang='lat'><strong>246</strong></span> <span class='ocrx_word' id='word_1_418' title='bbox 1759 3554 1990 3613; x_wconf 86' lang='lat' dir='ltr'><strong>defendi</strong></span> <span class='ocrx_word' id='word_1_419' title='bbox 2036 3572 2211 3634; x_wconf 88' lang='lat' dir='ltr'><strong>posse</strong></span> <span class='ocrx_word' id='word_1_420' title='bbox 2254 3559 2484 3631; x_wconf 85' lang='lat' dir='ltr'><strong>putant,</strong></span> <span class='ocrx_word' id='word_1_421' title='bbox 2523 3572 2687 3630; x_wconf 88' lang='lat' dir='ltr'><strong>quum</strong></span> 
     </span>
     <span class='ocr_line' id='line_1_44' title="bbox 423 3633 2686 3719; baseline 0 -25"><span class='ocrx_word' id='word_1_422' title='bbox 423 3634 534 3695; x_wconf 82' lang='lat' dir='ltr'><strong>alia</strong></span> <span class='ocrx_word' id='word_1_423' title='bbox 577 3636 867 3715; x_wconf 87' lang='lat' dir='ltr'><strong>epicorum</strong></span> <span class='ocrx_word' id='word_1_424' title='bbox 908 3633 989 3706; x_wconf 42' lang='lat' dir='ltr'><strong>,sit</strong></span> <span class='ocrx_word' id='word_1_425' title='bbox 1032 3636 1260 3695; x_wconf 88' lang='lat' dir='ltr'><strong>dicendi</strong></span> <span class='ocrx_word' id='word_1_426' title='bbox 1294 3638 1463 3719; x_wconf 79' lang='lat' dir='ltr'><strong>ratio,</strong></span> <span class='ocrx_word' id='word_1_427' title='bbox 1507 3636 1620 3701; x_wconf 81' lang='lat' dir='ltr'><strong>alia</strong></span> <span class='ocrx_word' id='word_1_428' title='bbox 1655 3636 2008 3697; x_wconf 85' lang='lat' dir='ltr'><strong>Herodotea.</strong></span> <span class='ocrx_word' id='word_1_429' title='bbox 2095 3638 2302 3714; x_wconf 89' lang='lat' dir='ltr'><strong>Neque</strong></span> <span class='ocrx_word' id='word_1_430' title='bbox 2348 3636 2522 3695; x_wconf 89' lang='lat' dir='ltr'><strong>etiam</strong></span> <span class='ocrx_word' id='word_1_431' title='bbox 2561 3657 2686 3718; x_wconf 85' lang='lat' dir='ltr'><strong>par-</strong></span> 
     </span>
     <span class='ocr_line' id='line_1_45' title="bbox 422 3712 2684 3802; baseline 0 -23"><span class='ocrx_word' id='word_1_432' title='bbox 422 3721 601 3801; x_wconf 89' lang='lat' dir='ltr'><strong>ticipii</strong></span> <span class='ocrx_word' id='word_1_433' title='bbox 661 3720 881 3778; x_wconf 83' lang='lat' dir='ltr'><strong>formae</strong></span> <span class='ocrx_word' id='word_1_434' title='bbox 935 3718 1159 3778; x_wconf 84' lang='lat' dir='ltr'><strong>Ionicae</strong></span> <span class='ocrx_word' id='word_1_435' title='bbox 1209 3712 1460 3796; x_wconf 64' lang='grc' dir='ltr'><strong><em>ἑστεώς,</em></strong></span> <span class='ocrx_word' id='word_1_436' title='bbox 1516 3714 1779 3794; x_wconf 69' lang='grc' dir='ltr'><strong><em>τεθνεώς</em></strong></span> <span class='ocrx_word' id='word_1_437' title='bbox 1836 3716 1944 3802; x_wconf 82' lang='lat' dir='ltr'><strong>pro</strong></span> <span class='ocrx_word' id='word_1_438' title='bbox 1999 3722 2112 3781; x_wconf 89' lang='lat' dir='ltr'><strong>isto</strong></span> <span class='ocrx_word' id='word_1_439' title='bbox 2171 3720 2370 3779; x_wconf 81' lang='lat' dir='ltr'><strong>afferri</strong></span> <span class='ocrx_word' id='word_1_440' title='bbox 2423 3726 2684 3799; x_wconf 86' lang='lat' dir='ltr'><strong>possunt,</strong></span> 
     </span>
     <span class='ocr_line' id='line_1_46' title="bbox 422 3794 2682 3887; baseline 0.001 -22"><span class='ocrx_word' id='word_1_441' title='bbox 422 3828 594 3887; x_wconf 87' lang='lat' dir='ltr'><strong>quum</strong></span> <span class='ocrx_word' id='word_1_442' title='bbox 636 3794 923 3881; x_wconf 69' lang='grc' dir='ltr'><strong><em>τεθνεός,</em></strong></span> <span class='ocrx_word' id='word_1_443' title='bbox 964 3804 1237 3865; x_wconf 79' lang='lat' dir='ltr'><strong>etiam‘ab</strong></span> <span class='ocrx_word' id='word_1_444' title='bbox 1278 3804 1488 3865; x_wconf 88' lang='lat' dir='ltr'><strong>Atticis</strong></span> <span class='ocrx_word' id='word_1_445' title='bbox 1531 3806 1909 3886; x_wconf 86' lang='lat' dir='ltr'><strong>scriptoribus</strong></span> <span class='ocrx_word' id='word_1_446' title='bbox 1954 3802 2400 3883; x_wconf 66' lang='lat' dir='ltr'><strong>frequentatum,</strong></span> <span class='ocrx_word' id='word_1_447' title='bbox 2443 3812 2507 3864; x_wconf 88' lang='lat' dir='ltr'><strong>et</strong></span> <span class='ocrx_word' id='word_1_448' title='bbox 2540 3804 2682 3867; x_wconf 81' lang='grc' dir='ltr'><strong><em>ἕστε-</em></strong></span> 
     </span>
    </p>
   </div>
   <div class='ocr_carea' id='block_1_8' title="bbox 424 3874 2681 3982">
    <p class='ocr_par' dir='ltr' id='par_1_8' title="bbox 424 3874 2681 3982">
     <span class='ocr_line' id='line_1_47' title="bbox 424 3874 2681 3982; baseline -0.003 -29"><span class='ocrx_word' id='word_1_449' title='bbox 424 3874 837 3967; x_wconf 63' lang='grc' dir='ltr'><strong>αῗς,,τεθνεός</strong></span> <span class='ocrx_word' id='word_1_450' title='bbox 878 3910 946 3949; x_wconf 89' lang='lat' dir='ltr'><strong>ex</strong></span> <span class='ocrx_word' id='word_1_451' title='bbox 986 3886 1262 3971; x_wconf 77' lang='grc' dir='ltr'><strong><em>τεθνηῶς</em></strong></span> <span class='ocrx_word' id='word_1_452' title='bbox 1304 3883 1562 3969; x_wconf 64' lang='grc' dir='ltr'><strong><em>ἑστηώς,</em></strong></span> <span class='ocrx_word' id='word_1_453' title='bbox 1605 3882 1878 3965; x_wconf 77' lang='grc' dir='ltr'><strong><em>ἑσταότες</em></strong></span> <span class='ocrx_word' id='word_1_454' title='bbox 1915 3896 2023 3982; x_wconf 64' lang='lat' dir='ltr'><strong>etc.</strong></span> <span class='ocrx_word' id='word_1_455' title='bbox 2065 3894 2204 3950; x_wconf 86' lang='lat' dir='ltr'><strong>nata</strong></span> <span class='ocrx_word' id='word_1_456' title='bbox 2245 3908 2378 3949; x_wconf 88' lang='lat' dir='ltr'><strong>esse</strong></span> <span class='ocrx_word' id='word_1_457' title='bbox 2416 3892 2681 3971; x_wconf 84' lang='lat' dir='ltr'><strong>appareat</strong></span> 
     </span>
    </p>
   </div>
   <div class='ocr_carea' id='block_1_9' title="bbox 428 4050 840 4062">
    <p class='ocr_par' dir='ltr' id='par_1_9' title="bbox 428 4050 840 4062">
     <span class='ocr_line' id='line_1_48' title="bbox 428 4050 840 4062; baseline 0 505"><span class='ocrx_word' id='word_1_458' title='bbox 428 4050 840 4062; x_wconf 95' lang='lat' dir='ltr'><strong> </strong></span> 
     </span>
    </p>
   </div>
   <div class='ocr_carea' id='block_1_10' title="bbox 421 4131 2681 4277">
    <p class='ocr_par' dir='ltr' id='par_1_10' title="bbox 421 4131 2681 4277">
     <span class='ocr_line' id='line_1_49' title="bbox 421 4131 2681 4253; baseline -0.012 -46"><span class='ocrx_word' id='word_1_459' title='bbox 421 4135 961 4253; x_wconf 55' lang='lat' dir='ltr'><strong>schepggf’vsfhd‘</strong></span> <span class='ocrx_word' id='word_1_460' title='bbox 996 4136 1270 4203; x_wconf 81' lang='lat' dir='ltr'><strong>Aristopb.</strong></span> <span class='ocrx_word' id='word_1_461' title='bbox 1323 4136 1554 4190; x_wconf 79' lang='lat' dir='ltr'><strong>Acbarn.</strong></span> <span class='ocrx_word' id='word_1_462' title='bbox 1609 4139 1714 4193; x_wconf 77' lang='lat'><strong>235</strong></span> <span class='ocrx_word' id='word_1_463' title='bbox 1761 4144 1818 4192; x_wconf 83' lang='lat' dir='ltr'><strong>et</strong></span> <span class='ocrx_word' id='word_1_464' title='bbox 1846 4138 2003 4194; x_wconf 65' lang='lat' dir='ltr'><strong>Ouid.</strong></span> <span class='ocrx_word' id='word_1_465' title='bbox 2037 4154 2084 4193; x_wconf 75' lang='lat' dir='ltr'><strong>s.</strong></span> <span class='ocrx_word' id='word_1_466' title='bbox 2123 4154 2175 4192; x_wconf 81' lang='lat' dir='ltr'><strong>v.</strong></span> <span class='ocrx_word' id='word_1_467' title='bbox 2211 4131 2530 4209; x_wconf 62' lang='grc' dir='ltr'><strong>ἔμυιείρψ,</strong></span> <span class='ocrx_word' id='word_1_468' title='bbox 2596 4139 2681 4193; x_wconf 64' lang='lat'><strong>11¹1-</strong></span> 
     </span>
     <span class='ocr_line' id='line_1_50' title="bbox 580 4200 2288 4277; baseline -0.011 -10"><span class='ocrx_word' id='word_1_469' title='bbox 580 4234 595 4251; x_wconf 91' lang='lat'><strong>·</strong></span> <span class='ocrx_word' id='word_1_470' title='bbox 788 4202 874 4259; x_wconf 71' lang='lat' dir='ltr'><strong>el.</strong></span> <span class='ocrx_word' id='word_1_471' title='bbox 913 4204 1013 4268; x_wconf 80' lang='lat'><strong>111,</strong></span> <span class='ocrx_word' id='word_1_472' title='bbox 1052 4220 1103 4259; x_wconf 81' lang='lat' dir='ltr'><strong>a.</strong></span> <span class='ocrx_word' id='word_1_473' title='bbox 1140 4200 1241 4257; x_wconf 82' lang='grc'><strong>157</strong></span> <span class='ocrx_word' id='word_1_474' title='bbox 1280 4219 1365 4273; x_wconf 74' lang='lat' dir='ltr'><strong>sq.</strong></span> <span class='ocrx_word' id='word_1_475' title='bbox 1419 4205 1596 4259; x_wconf 81' lang='lat' dir='ltr'><strong>Schol.</strong></span> <span class='ocrx_word' id='word_1_476' title='bbox 1635 4207 1700 4259; x_wconf 86' lang='lat' dir='ltr'><strong>n.</strong></span> <span class='ocrx_word' id='word_1_477' title='bbox 1735 4206 1834 4275; x_wconf 71' lang='lat'><strong>111,</strong></span> <span class='ocrx_word' id='word_1_478' title='bbox 1867 4208 1994 4265; x_wconf 71' lang='lat'><strong>102.</strong></span> <span class='ocrx_word' id='word_1_479' title='bbox 2019 4204 2131 4277; x_wconf 65' lang='lat' dir='ltr'><strong>JK,</strong></span> <span class='ocrx_word' id='word_1_480' title='bbox 2161 4204 2288 4263; x_wconf 67' lang='lat'><strong>270,</strong></span> 
     </span>
    </p>
   </div>
  </div>
 </body>
</html>
